2722 4800
225 227 279 310 7²
555 213 771 280 muamus
800 206 962 278 cancia

219 374 283 458 γάρ
302 365 401 458 ἄλλην
421 364 490 434 τινα
509 364 661 450 βοήθειαν
682 362 761 450 ἔχει,
779 362 925 450 καθάπερ
950 363 968 429 ό
986 360 1148 438 ,πολόποος
1167 359 1225 446 τήν
1243 367 1302 428 τοῦ

184 490 209 540 D
217 469 385 557 χρώματος
411 469 611 551 μεταβολήν·
639 463 720 549 πρός
738 463 799 550 γὰρ
820 462 877 543 τόν
897 467 1017 549 πέτραν
1044 453 1300 552 ᾗπροσαρόσσιι

216 570 291 648 τοός
307 565 425 636 ἑαυτοῦ
443 562 624 648 πλοκάμους
649 566 775 647 α’μείβει
796 564 927 648 κοίτην
943 561 1074 647 χροιάν,
1095 552 1170 625 όινεο
1192 562 1299 643 μέντοι

215 673 275 736 τοῦ
302 671 418 735 λεοκοῦ
448 662 628 751 χριόματος.
677 655 799 744 όίναιμα
827 661 888 747 γόρ
908 666 1028 744 ταῦτα,
1056 662 1112 724 καί
1131 657 1186 724 διό
1207 663 1298 725 τοῦτο

214 770 435 852 κατεψυγμένοι
458 764 514 830 καί
533 763 698 852 φοβητικό.
738 755 842 847 ὥσπερ
868 762 962 837 ἐνίοις
983 764 1171 848 φοβηθεῖσα
1192 755 1213 842 ἦ
1233 771 1346 835 και-5

213 866 268 934 λία
300 868 505 952 ταράττεται,
534 858 654 949 ἑτέροις
685 865 720 928 δὲ
742 866 930 947 περίττωσις
957 861 978 944 ἡ
1004 857 1065 924 ἀπό
1086 862 1141 944 τῆς
1160 859 1299 935 κύστεως

212 969 279 1050 ῥεῖ,
299 959 379 1032 οότω
405 968 461 1029 καί
477 961 596 1038 τούτοις
618 962 786 1044 συμβαίνει
806 963 840 1037 ἐξ
858 958 994 1045 α’νοίγκης
1016 960 1147 1046 ἀφιέναι
1166 956 1222 1022 τόν
1240 957 1299 1023 θό·

212 1075 268 1132 λον
289 1063 343 1132 διό
358 1064 495 1139 δειλίας.
545 1060 565 1144 ἦ
600 1062 636 1126 δὲ
657 1062 755 1148 φόσις
775 1053 843 1141 ἅμα
864 1062 906 1146 τῷ
924 1057 1132 1145 περιττώματι
1152 1083 1299 1145 παρακα·

210 1167 368 1250 τοιχρῆται
395 1164 453 1227 καί
470 1157 550 1246 πρός
576 1162 734 1245 σωτηρίαν
752 1157 808 1225 καί
828 1155 982 1243 βοήθειαν
1003 1156 1098 1245 αὐτῷ.
1138 1157 1241 1223 κιόντα
1262 1159 1299 1223 δὲ

210 1261 250 1329 τό
279 1256 400 1343 ἄναιμα
425 1262 487 1326 τοῖν
514 1253 602 1338 ζοόιον
624 1256 814 1345 ὀλιγότροφα
846 1260 945 1339 εἰσιν,
975 1257 1034 1339 οόχ
1060 1250 1145 1321 οότον
1169 1255 1319 1338 ierim-1

210 1357 344 1450 κρότητα
365 1357 410 1435 ὥς
430 1355 483 1423 διό
502 1352 704 1444 ψυχρότητα·
743 1354 777 1423 τό
798 1355 859 1441 γόρ
880 1354 1004 1441 θερμόν
1024 1358 1216 1421 καταπίπτει
1237 1356 1297 1444 ῥρ.

211 1463 289 1534 δίας
309 1457 369 1542 τὴν
394 1454 518 1543 τροφὴν
545 1457 601 1521 καί
619 1454 795 1521 δεῖταικαὶ
816 1458 932 1542 τροφῆς
956 1459 1096 1546 ταχέως,
1119 1451 1156 1520 τὸ
1179 1457 1217 1520 δὲ
1231 1474 1298 1538 ιγν-

132 1556 291 1642 Ρ.3θχρόν
318 1549 469 1642 ότροφον.
521 1556 640 1636 μᾶλλον
668 1556 703 1620 δὲ
725 1552 762 1619 τό
790 1556 852 1620 τῶν
881 1555 1029 1637 τεττίγων
1047 1556 1134 1637 γένος
1152 1545 1298 1641 ἄτροφόν

210 1659 294 1738 ἐστι,
314 1651 397 1720 διότι
412 1655 468 1720 καί
486 1658 551 1720 auia
569 1646 673 1718 ἄλλων
690 1653 778 1731 ζολοιν
806 1649 1025 1739 ψυχρότερον·
1068 1651 1122 1718 ἐπί
1139 1650 1201 1739 γόρ
1222 1650 1296 1720 roai-

207 1778 251 1843 τρι
272 1752 328 1820 καί
345 1756 461 1837 θέρους
483 1751 552 1840 cipp
574 1751 822 1836 ζωογονούμενον
843 1748 949 1836 οἵσπερ
971 1754 1027 1836 τῆς
1046 1753 1129 1843 ρι’δῆς
1150 1752 1316 1838 ἀπάρχει

208 1877 270 1925 ται.
291 1849 381 1936 iuuari
406 1855 442 1917 δὲ
459 1850 562 1938 τροφὴ
583 1853 623 1939 τῇ
641 1855 758 1935 τέττιγι
778 1851 799 1937 ἡ
818 1854 854 1917 ἐκ
873 1854 931 1917 τοῦ
951 1853 1097 1933 σώματος
1120 1849 1295 1935 ὑπομένου-

207 1978 251 2018 σα
270 1951 423 2038 ὑγρότης,
445 1949 485 2035 ἢν
509 1953 544 2016 ἐκ
564 1955 620 2036 τῆς
647 1954 796 2036 γενέσεως
816 1947 900 2034 ἔχει,
922 1948 1001 2016 κατὰ
1024 1948 1063 2036 δη
1083 1955 1138 2017 καί
1155 1949 1194 2016 τὰ
1217 1955 1296 2041 ἔφη’·

207 2072 292 2134 μερα
316 2053 383 2130 {oia
412 2047 452 2116 τοὶ
474 2053 549 2135 περί
566 2047 618 2116 τόν
636 2049 764 2116 Πόντον
782 2048 958 2133 γινόμενα·
1009 2049 1089 2135 πλην
1112 2051 1216 2117 ἐκεῖνα
1236 2059 1297 2135 μὲν

208 2149 330 2237 ἡμέρας
362 2153 440 2233 μιιῖς
462 2150 578 2235 χρόνον
599 2152 655 2238 ζῇ,
675 2148 920 2215 autorisatae
946 2147 1002 2215 καί
1022 2147 1168 2237 ἐφήμερα
1189 2154 1296 2237 λέγον-

210 2273 286 2334 ται,
307 2252 411 2313 ταῦτα
433 2250 469 2313 δὲ
489 2251 567 2327 ζῶσι
586 2247 642 2312 καί
655 2251 759 2313 πλέον.
1303 2283 1351 2325 2.

293 2344 557 2433 Μαλακόοτρακα
576 2349 719 2430 λέγονται
749 2352 890 2433 καρκίνοι
918 2350 1053 2436 κάραβοι
1082 2349 1216 2420 οἷστακοί
1241 2356 1298 2419 καί

283 2524 324 2577 ¹3.
344 2518 388 2596 τό]
409 2523 458 2576 καλ
472 2520 499 2575 P.
578 2523 618 2591 il.
635 2523 719 2580 τοῦτο
737 2522 764 2576 Ρ.
834 2523 876 2578 a5.
893 2520 1049 2608 (intextam
1067 2525 1096 2579 Ρ.

211 2694 266 2732 rem
284 2678 343 2730 eins
367 2679 472 2748 copiam
495 2675 605 2731 habeat.
621 2695 672 2731 nec
688 2678 760 2731 enim
778 2678 923 2750 quicquam
942 2681 1001 2751 opis
1018 2681 1130 2734 alterins
1148 2680 1246 2749 habet,
1265 2693 1297 2740 ut

141 2780 143 2785 ,
210 2751 325 2820 polypus
343 2750 522 2801 mutationem
537 2750 645 2802 coloris.
663 2766 724 2801 nam
743 2751 766 2802 is
784 2743 915 2802 una'cum
933 2768 1014 2815 saxo,
1031 2751 1066 2804 ad
1084 2752 1159 2822 quod
1180 2756 1296 2826 capillos

209 2822 343 2890 applicat,
369 2820 487 2872 colorem
512 2836 622 2891 quoque
650 2827 739 2872 mutat
763 2837 856 2886 auum,
887 2830 1000 2890 excepto
1028 2824 1118 2875 colore
1139 2824 1213 2877 albo.
1232 2836 1297 2880 suut

210 2893 282 2942 enim
300 2890 367 2942 haec
391 2891 518 2943 animalia
548 2890 686 2959 eanguinis
709 2891 847 2959 expertia,
866 2902 919 2961 qua
938 2892 972 2943 de
994 2909 1074 2944 cansa
1092 2896 1218 2964 sequitur
1236 2914 1296 2950 esse

209 2961 306 3029 frigida
335 2961 543 3031 formidinisque
562 2961 653 3030 plena.
684 2978 745 3012 nam
765 2961 804 3012 uti
819 2963 958 3015 nonnullis
975 2973 1050 3016 metu
1068 2966 1199 3034 perculsis
1220 2969 1296 3021 alvus

209 3031 315 3083 turbari
331 3032 417 3096 solet,
433 3030 573 3084 nonnullis
589 3031 694 3084 vesicae
712 3041 910 3085 excrementum
927 3033 1024 3098 effluit,
1041 3035 1080 3087 sic
1097 3044 1126 3088 et
1134 3035 1176 3088 hia
1194 3038 1298 3092 accidit

209 3102 364 3153 necessario
388 3111 502 3172 propter
525 3110 629 3155 metum
654 3109 687 3153 ut
703 3109 882 3156 atramentum
908 3105 1042 3158 emittant.
1062 3123 1115 3176 qua
1134 3107 1247 3177 quidem
1265 3111 1296 3162 in

97 3234 98 3240 ρ
211 3189 240 3222 re
257 3179 355 3224 natura
379 3181 549 3224 excremento
574 3173 657 3225 simul
676 3179 704 3224 et
719 3174 755 3224 ad
771 3172 885 3226 salutem
902 3175 1025 3229 animalis
1043 3184 1072 3228 et
1088 3175 1123 3228 ad
1140 3194 1221 3247 opem
1238 3182 1297 3232 uti.

209 3250 262 3293 tur.
281 3251 346 3294 sunt
361 3251 452 3296 autem
470 3244 561 3296 omnia
579 3243 716 3313 sanguinis
733 3245 855 3314 expertia
878 3261 1008 3315 perquam
1026 3247 1125 3315 exiguo
1141 3251 1297 3304 nutrimen

208 3319 239 3364 to
259 3320 404 3376 contenta,
420 3330 476 3365 non
492 3322 546 3366 tam
565 3314 630 3384 quia
650 3331 732 3383 parva
751 3322 817 3367 suat
833 3331 914 3385 quam
932 3318 997 3387 quia
1015 3317 1122 3387 frigida.
1140 3336 1203 3371 nam
1221 3321 1297 3374 calor

208 3391 238 3436 et
255 3384 402 3453 concoquit
419 3384 500 3439 laoile
516 3386 711 3437 nutrimentum
731 3393 760 3438 et
777 3385 831 3437 cito
852 3386 965 3439 alterius
985 3395 1061 3456 eget,
1078 3405 1139 3442 cum
1157 3391 1296 3460 frigiditas

206 3470 303 3523 parum
328 3454 451 3516 alimenti
469 3457 599 3526 requirat.
623 3456 721 3507 iccirco
740 3455 849 3508 cicadae
886 3475 961 3509 arum
977 3466 1071 3528 pastus
1087 3468 1235 3531 expetunt,
1253 3464 1296 3515 nti

206 3541 279 3594 quae
297 3528 410 3578 caeteris
426 3525 589 3577 animalibus
606 3535 703 3578 natura
717 3526 772 3579 sint
795 3475 963 3596 frigiiiores3
982 3545 1069 3599 eaque
1088 3529 1123 3582 ds
1145 3548 1228 3584 causa
1248 3549 1296 3585 ae-

207 3597 276 3647 stivo
293 3605 415 3667 ternpore
440 3597 519 3666 quasi
544 3596 697 3648 vivificatae
724 3604 832 3649 cantum
858 3615 934 3650 snum
957 3601 1104 3668 occipiunt
1124 3609 1153 3653 et
1170 3604 1236 3656 satis
1254 3605 1295 3657 eis

206 3666 331 3719 alimenti
355 3668 479 3737 suppetit
501 3669 559 3737 ipsa
583 3669 703 3738 corporis
731 3668 895 3731 humiditas,
923 3686 1004 3739 quam
1025 3681 1153 3725 anatura
1175 3672 1296 3741 habent3

207 3737 278 3788 aient
307 3746 336 3791 et
352 3738 521 3790 animalculis
546 3738 601 3790 illis
619 3755 633 3790 e
654 3737 771 3792 hemeris
797 3739 912 3803 accidit,
929 3756 1001 3810 quae
1020 3742 1050 3793 in
1067 3743 1154 3795 Ponto
1174 3748 1296 3797 nascun·
1318 3742 1324 3754 ‘

206 3815 269 3870 tar,
295 3824 351 3860 nno
377 3818 506 3879 excepto,
535 3806 610 3877 quod
634 3756 808 3862 Enecunius
835 3810 892 3862 diei
908 3812 1146 3935 ternpusaiaendo
1164 3816 1296 3884 expleant

206 3877 327 3946 ideoque
357 3895 456 3932 nomen
487 3879 563 3932 istud
596 3888 741 3934 consecuta
766 3881 837 3945 sint,
867 3880 933 3934 illae
975 3883 1122 3937 intumiori
1148 3885 1205 3938 vita
1235 3887 1295 3940 fru-

206 3955 297 4000 antur.

276 4017 360 4069 'l‘esta
382 4019 457 4070 molli
482 4020 586 4072 munita
614 4020 757 4088 dicuntur,
776 4021 885 4084 cancri,
902 4016 1010 4086 carabi,
1031 4023 1132 4076 aestaci
1144 4023 1200 4074 aive
1218 4039 1294 4093 garn-

203 4088 286 4150 msri.
304 4085 409 4142 canities
429 4089 484 4142 sivc
503 4092 629 4162 squillae.
644 4092 752 4156 vandem,
772 4094 794 4145 si
812 4092 940 4163 squillam
960 4093 1091 4165 excipias,
1108 4092 1194 4147 chelis
1209 4111 1294 4167 prae·
