2700 4792
241 204 326 304 σοί
571 227 786 293 sisennas
816 224 978 301 ennean

207 382 336 466 υζυγὸν
365 380 421 446 τοῦ
447 383 666 466 dialecticae
695 380 730 444 ἐκ
750 383 806 444 τοῦ
826 379 987 462 τραχήλου
1009 401 1083 456 σου,
1107 386 1297 465 πλημμέλεια

239 483 471 565 πλημμελήσας
492 480 665 549 θανάσου.”
706 475 820 542 καὶτὰ
840 482 900 559 μὲν
920 480 981 541 τοῦ
1001 477 1157 560 Ἰωσήπου
1180 485 1299 545 τοιαῦτα

239 583 407 662 προσέχειν
425 581 461 642 δὲ
481 575 603 653 τούτοις
623 576 666 652 ὥς
687 578 838 662 α’ληθὲσιν
859 578 917 640 ου’κ
937 568 1036 653 ἄξιον.
1057 574 1093 641 τὸ
1116 575 1178 660 γάρ
1202 585 1299 663 „utun

239 683 368 761 μίλειαν
400 675 634 761 πλημμελήσας
665 674 827 741 θανάτου”
858 673 1023 760 προσθήκη
1051 677 1122 741 ἐστι’
1143 682 1204 742 τοῦ
1221 676 1299 757 'que

240 801 320 843 που·
362 778 397 843 ἐν
416 777 475 862 γὰρ
498 776 535 863 τῇ
558 779 731 862 προφητείᾳ
757 780 898 840 τοιοῦτον
918 770 1016 861 ῥητὸν
1034 779 1250 860 γεγραμμένα
1265 781 1299 840 οὐ

242 873 386 964 εὕρηται.
427 879 483 940 καί
502 874 575 959 περὶ
592 878 651 956 μὲν
671 871 790 940 τούτων
812 870 922 950 οὕτως.

325 981 454 1059 Kouni
471 976 506 1039 δὲ
535 971 614 1055 μετὰ
637 977 740 1038 ταῦτα
762 977 823 1038 τῶν
846 967 1025 1057 Ἀσσυρίων
1043 976 1100 1037 καί
1117 975 1299 1059 Σορδανάιιι

244 1082 316 1158 λος,
338 1071 457 1158 διάγων
483 1072 612 1155 χαύνοις
643 1057 740 1159 nisan
762 1075 817 1136 καί
848 1075 1035 1158 τρυφηλοῑς,
1068 1064 1238 1155 εὖνοιίχοις
1266 1072 1299 1138 ἕο

244 1174 519 1258 συγκεκλεισμὲνυς
538 1172 745 1263 καί-γυναιξί,
769 1168 814 1256 μή
833 1195 896 1237 τινι
913 1173 976 1237 τῶν
994 1172 1050 1235 ὑπ’
1071 1171 1169 1237 αυτὸν
1187 1177 1299 1257 θευρο·

245 1297 357 1355 μενος,
375 1268 531 1356 χρώμασί
546 1293 579 1335 το
599 1273 655 1334 καί
674 1268 821 1353 βάμμασι
851 1273 905 1335 καί
923 1273 963 1358 τῇ
982 1273 1045 1335 τῶν
1067 1275 1198 1355 γενείων
1218 1274 1299 1337 taxos

245 1375 425 1456 θηλυδρίαν
444 1372 542 1434 ποιῶν
561 1367 695 1450 ἑαυτόν,
716 1365 760 1444 οἷς
777 1372 927 1435 ἐντεῦθεν
945 1369 1078 1454 μισητὸν
1098 1381 1165 1448 τοῖς
1184 1374 1264 1437 πᾶσι
1281 1397 1299 1454 η

149 1472 372 1551 insentatas.
424 1472 483 1533 καί
499 1492 547 1543 τις
575 1469 612 1531 δὲ
639 1471 700 1534 τῶν
721 1466 782 1532 ὑπὸ
814 1475 909 1552 χεῖρα
935 1471 1038 1533 θέλων
1058 1471 1141 1535 ἰδεῖν
1160 1468 1299 1536 aurive

247 1571 392 1636 ἐδύνατο.
413 1570 487 1632 ποτὲ
510 1561 567 1633 οὖν
586 1565 745 1650 ἐπιτυχών
763 1571 821 1632 τοῦ
841 1570 1042 1648 ποθουμένου
1055 1571 1148 1654 ’ξίφος
1167 1571 1254 1634 α’θεῖ
1266 1594 1299 1633 ια

247 1671 366 1748 ariaci,
395 1669 451 1730 καί
475 1670 530 1750 τής
560 1668 641 1750 ζαής
672 1663 771 1730 ου’τόν
804 1667 925 1741 α’θλίας
958 1667 1139 1750 α’ποστερεῖ.
1191 1667 1271 1749 μετὰ

248 1766 498 1851 Σαρδανάπαλον
523 1774 634 1850 κρατεῖ
649 1768 712 1830 sair
742 1767 918 1850 Ἀσσυριλον
943 1762 959 1829 δ
983 1763 1053 1841 υίὸς
1072 1770 1181 1833 Πίκου
1204 1771 1299 1832 rusia

249 1865 328 1941 Διὸς
350 1864 519 1949 Περσεύς,
542 1860 579 1940 ὃς
597 1863 728 1948 νικήσας
758 1861 832 1937 τους
856 1860 1025 1939 Λυκάονας
1044 1863 1100 1930 καί
1119 1862 1214 1930 πόλιν
1233 1863 1299 1931 κτίσ

250 1969 332 2047 ἐκεῖ,
352 1967 408 2028 καί
427 1961 484 2047 τήν
506 1958 622 2028 ἑαυτοῦ
642 1959 759 2046 στήλην
782 1959 908 2046 στήσας,
928 1961 1053 2028 Ἰκόνιον
1067 1962 1173 2047 arianis
1194 1962 1299 2029 ἐκάλει

251 2068 286 2127 ἐκ
309 2066 366 2126 τοῦ
394 2063 477 2128 ι’δίυυ
499 2063 772 2142 οίπιικονίσμαιος.
822 2055 891 2126 εἶτα
914 2058 993 2146 πρὸς
1015 2062 1178 2144 Ἰσαυρίαν
1201 2065 1299 2127 nui!

252 2163 355 2227 λικίαν
384 2158 504 2241 ἐλθών,
534 2164 589 2225 καί
618 2158 680 2224 α’πό
705 2161 765 2223 τοῦ
793 2158 890 2223 ἵππου
911 2151 1071 2224 κατελθών
1092 2163 1151 2224 καί
1168 2158 1299 2246 πήξοςι

254 2259 373 2343 ταρσὸν
400 2262 457 2324 τοῦ
490 2258 588 2333 ποδὸς
615 2261 708 2345 ἕκτῇ
737 2260 778 2344 μή
799 2259 854 2321 καί
872 2253 964 2323 πόλιν
983 2261 1052 2323 ἐκεῖ
1069 2260 1200 2343 κτίσας,
1221 2264 1299 2325 inus

253 2382 355 2438 μασιν
383 2355 483 2439 αὐτήν
509 2352 642 2440 Ταρσόν.
695 2357 742 2419 ἐπ’
763 2353 895 2436 ὀνόματι
914 2359 975 2438 μὲν
992 2351 1049 2420 cciv
1069 2357 1172 2421 uisui
1191 2361 1249 2422 καί
1265 2379 1299 2421 το

254 2456 441 2541 Ἀσσυρίους
458 2457 591 2540 Πέρσας
612 2453 766 2520 ἐκάλεσεν.
808 2454 862 2541 ἐφ’
881 2446 921 2519 οὗ
940 2457 1008 2542 ,πῦρ
1030 2457 1063 2533 ἐξ
1079 2455 1223 2541 οὐρανοῦ
1241 2455 1299 2522 ἔπει

328 2613 352 2665 3.
372 2611 411 2672 alc
428 2609 530 2667 deerat.

259 2778 323 2820 tunc
340 2766 425 2818 isaaci
445 2765 603 2819 vaticinium
622 2765 692 2817 illud
710 2764 854 2836 impletum
871 2773 913 2819 est
930 2782 1010 2830 „cum
1027 2765 1119 2835 iugum
1138 2767 1232 2820 lretris
1250 2767 1288 2819 tui

259 2838 361 2891 cervice
378 2848 425 2891 tua
445 2837 573 2900 excuties,
590 2844 731 2906 peccatum
744 2845 831 2890 morte
844 2835 1014 2889 multandum
1033 2839 1211 2890 committes.”
1228 2839 1257 2889 in
1272 2837 1299 2887 hs

259 2910 369 2961 modum
390 2907 456 2959 haec
472 2907 603 2976 Iosephus
621 2916 816 2971 commemorat,
834 2924 904 2977 quae
924 2915 1014 2959 tamen
1031 2924 1080 3028 ριο
1098 2910 1170 2960 veria
1188 2908 1299 2977 recipies

259 2997 315 3031 non
335 2986 404 3029 sunt.
423 2995 484 3030 nam
504 2980 587 3029 istaec
603 2977 684 3029 verba
698 2987 856 3046 „peccatum
876 2987 961 3029 morte
986 2996 1031 3028 mu
1044 2976 1159 3030 undum
1177 2980 1299 3031 committa

261 3049 296 3098 ab
315 3048 430 3115 losepho
455 3050 617 3099 auctoritate
641 3049 750 3117 propria
768 3048 893 3100 Musaicls
923 3048 1028 3100 adiecta
1057 3058 1139 3111 esunt,
1157 3067 1222 3100 cum
1242 3049 1299 3100 null

261 3117 416 3169 huiusmodi
432 3118 543 3168 verbum
562 3120 590 3168 in
609 3120 667 3185 ipso
686 3119 815 3170 vaticinio
833 3120 991 3188 reperiatur.
1009 3117 1044 3168 ‹le
1062 3117 1106 3170 his
1123 3118 1277 3179 hactenua,

331 3186 484 3239 Secundum
495 3187 562 3240 haec
576 3187 806 3258 etSardanapalus
814 3188 926 3256 Assyriis
939 3189 1086 3259 imperavit
1105 3190 1230 3242 molliter
1237 3188 1298 3247 ,ini

260 3257 311 3310 bat
330 3275 360 3308 ac
379 3257 442 3308 volu
464 3259 539 3321 tarie,
559 3258 631 3310 inter
648 3259 784 3311 eunuchos
799 3267 828 3312 et
847 3259 978 3311 foeminas
999 3260 1136 3337 occlusus,
1154 3278 1207 3312 nec
1224 3262 1299 3329 cuiqu

262 3327 433 3380 subditorum
443 3275 565 3379 imminis
583 3328 708 3380 intuendi
725 3330 837 3382 facultas
851 3339 915 3382 erat
926 3338 1067 3400 praeterea
1081 3330 1234 3399 caloribus,
1247 3332 1299 3383 tine

262 3400 316 3463 ris,
335 3415 461 3466 genarum
482 3414 573 3449 rasura
589 3400 708 3468 seipsum
727 3400 906 3452 effeminabat
924 3401 1023 3471 quibus
1036 3399 1116 3452 rebus
1137 3401 1242 3454 sactum
1261 3408 1298 3453 est

263 3469 292 3521 in
309 3487 337 3521 se
355 3476 512 3521 cunctorum
530 3468 593 3520 odia
610 3471 765 3524 concitaret.
783 3472 855 3524 inter
872 3471 939 3523 alios
950 3472 1062 3541 imperio
1081 3470 1221 3524 subiectus
1240 3469 1299 3541 quid

264 3550 323 3593 erat
340 3541 388 3611 qni
406 3540 516 3591 omnino
537 3557 599 3591 eum
616 3539 707 3594 videre
725 3551 844 3612 cuperet,
862 3541 910 3594 sed
927 3542 1066 3594 incassum.
1080 3542 1193 3594 taudem
1211 3558 1299 3594 verus

265 3628 375 3682 conspus
395 3610 543 3680 aliqnando
571 3611 657 3663 sactus
683 3611 775 3680 gladio
802 3622 943 3680 tyrannum
970 3611 1087 3665 trucidat
1116 3621 1147 3664 et
1167 3614 1224 3664 vita
1242 3611 1299 3681 spui

264 3690 327 3750 post
345 3681 555 3751 Sardanapalum
572 3681 684 3734 Perseus
702 3683 774 3746 Pici,
798 3691 975 3752 cognomento
994 3683 1064 3735 lovis
1082 3683 1125 3746 R,
1144 3700 1256 3752 regnum
1277 3700 1291 3731 a

265 3753 387 3819 Assyrios
415 3751 542 3804 obtinuit.
562 3752 585 3804 is
613 3769 673 3803 cum
693 3753 828 3820 Lycaones
850 3754 958 3805 vicisset
984 3753 1125 3805 acnrbem
1144 3755 1173 3806 in
1196 3755 1230 3803 iis
1252 3699 1299 3803 fini

267 3823 455 3886 exstruxisset,
484 3823 634 3875 columnam
656 3825 742 3876 erexit
762 3833 790 3875 et
813 3823 847 3874 ab
868 3823 1011 3874 simulacro
1027 3824 1200 3895 imaginesque
1220 3841 1267 3874 sua
1287 3839 1299 3871 υ

266 3906 365 3943 numen
382 3893 465 3944 Iconii
485 3893 570 3945 sledit.
595 3892 695 3945 deinde
713 3911 802 3946 versus
829 3895 955 3945 isauriam
972 3893 1149 3964 Ciliciamque
1167 3894 1298 4016 fflectus

267 3958 329 4010 dela
350 3978 394 4012 sus
412 3962 447 4014 ab
468 3980 557 4032 equo,
575 3981 634 4016 cum
653 3973 740 4016 terrac
759 3965 860 4016 calcem
877 3963 956 4032 pedis
973 3964 1119 4028 allisisset,
1136 3981 1168 4015 ur
1247 3963 1273 4014 isi
1291 3960 1299 4010 l

266 4046 318 4080 con
339 4031 402 4082 itam
420 4031 454 4082 ab
474 4031 526 4084 hoc
546 4034 768 4086 eventu'l'arsum
787 4034 943 4104 appellavit.
962 4034 1033 4086 idem
1051 4053 1066 4085 a
1085 4035 1299 4086 nominassem

267 4100 377 4172 cupivit
399 4101 517 4169 Assyrios
536 4104 636 4157 Persas.
654 4121 770 4178 cumque
793 4113 921 4175 regnante
941 4105 1001 4176 ipso
1018 4105 1156 4158 accideret
1173 4113 1204 4158 ut
1219 4103 1282 4173 ignis
