2700 4792
330 224 413 311 216
678 252 892 319 nrcnsmrs
918 255 1080 321 caroso

327 400 473 464 κάκεῑθεν
492 401 604 467 dualis
624 399 736 483 βάλλει
757 405 802 490 τῷ
822 400 982 492 ἐγκεφάλῳ
1001 408 1059 469 τοῦ
1080 407 1255 488 πηγνομένο

326 500 450 574 ἕξουσιν
483 498 518 562 αἱ
546 499 729 583 ἦγεμονικαί
755 498 904 581 δυνάμεις
933 506 977 589 τῷ
1006 505 1210 592 πλαττομένῳ
1238 529 1256 567 τ

326 593 471 685 έμβριὶιρ·
529 599 560 662 εἰ
589 601 625 664 δέ
655 599 847 679 κακούμενος
877 598 1081 685 άπασδὴποτε
1106 599 1186 688 τάχη
1222 601 1239 665 εἱ

326 689 449 776 άστήρ,
472 698 534 761 τῶν
554 698 707 764 έναντέονν
724 694 951 774 έσταιπάντοες
971 696 1137 782 ποιητικάς.
1179 703 1236 764 κατ’
1255 736 1256 756 r

326 791 355 856 οἱ
373 802 437 869 τοῖς
457 794 626 879 μετεώροις
647 799 853 878 προσέχοντες
872 799 929 862 καί
946 801 1103 883 φρονοῦσι
1125 798 1202 883 περὶ
1216 823 1256 864 το

252 980 255 983 ,
296 897 477 974 Βλέγοοσιν.
518 890 559 959 σά
581 895 631 974 δέ,
652 893 807 979 άγαπητέ,
829 892 875 978 μη
898 892 1018 976 οιὶτοος,
1047 895 1129 961 άλλά
1149 903 1256 981 μοχθη

249 983 253 990 ’
324 1001 439 1074 χυμοῖς
459 996 726 1078 κατακρατεῖσθαι
737 990 792 1057 τὸν
811 995 983 1080 ἐγκέφαλον
1000 1000 1140 1077 αι’στεαε,
1163 997 1257 1080 ἡνίκα

324 1116 364 1178 ση
392 1090 461 1154 τινά
486 1092 652 1176 παρακοπῇ
682 1091 807 1176 φρενῶν
826 1091 1056 1174 συνεχόμενον·
1108 1091 1202 1178 ὂγάρ
1234 1097 1256 1178 ές

277 1269 282 1277 Δ
323 1181 455 1272 ὄργανόν
475 1191 543 1255 ε’στι
572 1192 630 1254 τοῦ
658 1185 749 1266 νοός·
798 1189 899 1279 ταιὶτη
921 1213 969 1256 τοι
995 1189 1051 1257 καὶ
1078 1193 1159 1258 κατά
1191 1190 1251 1277 την

235 1307 239 1315 ’
324 1286 468 1354 διάθεσιν
491 1286 547 1355 καὶ
567 1284 584 1353 o‘
605 1290 744 1374 τεχνίτης
756 1289 852 1355 stote
873 1293 946 1365 νοῦς
966 1292 1114 1376 ένεργεῑν.
1157 1292 1212 1357 tut
1229 1318 1256 1376 γι

322 1390 379 1450 καί
406 1383 541 1468 βοτάνας
574 1386 794 1464 άκεσωδάνοος
824 1386 1004 1473 παρήγαγεν
1036 1385 1054 1452 εἱ
1080 1387 1173 1470 θεάς,
1213 1415 1256 1455 κα

322 1487 464 1569 ἰατρικῆς
496 1482 571 1560 τούς
590 1486 780 1571 α’νθραὶποος
806 1487 995 1569 ἐνέπλησεν·
1035 1489 1184 1553 ἐντεῦθεν
1203 1488 1256 1572 γάρ

304 1581 429 1669 ’φαλην
450 1588 684 1668 καθαιρομένην
698 1582 752 1672 ἴδη
771 1609 838 1666 τις,
860 1587 916 1650 sus*
933 1588 1019 1671 πάθη
1040 1578 1122 1652 ἅλλα
1144 1586 1215 1653 τινά
1235 1593 1256 1652 β

322 1676 495 1764 άξιοάμενα
519 1680 695 1769 φαρμάκων
713 1680 916 1768 καταλλήλων
937 1686 1126 1768 ἐπαγωγαῖς.
1145 1683 1191 1770 μὴ
1214 1678 1256 1751 od:

292 1777 423 1860 οπάζοο
447 1790 510 1857 τοῖς
532 1780 636 1865 λόγοις
654 1777 775 1863 adroic,
802 1777 852 1847 ὅτι
872 1784 954 1866 μηδὲ
976 1785 1049 1847 καθ’
1072 1782 1256 1869 εἱμαρμένην

321 1902 434 1964 ρηται,
462 1867 610 1965 τὰπάθη
639 1889 705 1956 τοῖς
736 1879 918 1963 άνβροὶποις
937 1882 1154 1962 έμπιὶιτοοσιν.
1194 1885 1256 1946 τιί

320 1979 513 2065 εἱμαρμένης
535 1982 604 2046 ἐστι’
623 1976 852 2065 σημαινόμενον
859 2006 870 2060 ,·
892 1976 936 2053 οἱς
957 1980 1068 2044 ἐκεῖνοι
1089 1984 1207 2066 φασίν,
1230 1980 1250 2063 ἡ

321 2082 396 2142 καθ’
426 2076 537 2164 εἱρμὸν
572 2081 636 2145 τῶν
667 2080 825 2164 ου’ρανέων
844 2076 1002 2159 σωμάτων
1031 2074 1182 2161 κινήσεως
1202 2081 1256 2144 άπι

320 2171 466 2260 ἔκβασις,
492 2176 533 2263 ἣν
552 2175 590 2263 δη
624 2178 822 2242 saintines
845 2174 864 2240 εἱ
893 2182 956 2241 τῶν
977 2176 1075 2259 οἱγιάνν
1093 2175 1192 2259 χορὸς
1215 2179 1256 2241 πό

321 2275 428 2360 ῥίπτει
446 2280 502 2341 xci
520 2276 750 2357 (inestimatus.
772 2277 856 2348 τίνος
876 2273 993 2354 ἓνεκενς
1018 2271 1066 2338 ὁέι
1085 2274 1165 2341 πολιὶ
1186 2279 1246 2356 μέν

321 2398 374 2439 τον
393 2377 556 2459 κέκτηται,
584 2375 819 2441 πολλαπλάσιον
838 2374 875 2438 δέ
894 2370 929 2438 τὸ
950 2375 1085 2457 α’σεβές,
1105 2373 1150 2450 οἱς
1169 2370 1186 2440 ὁ
1208 2379 1256 2459 μέγ

323 2475 503 2552 Βασιλειος.

391 2717 419 2770 η.
435 2696 490 2766 dei?

322 2870 404 2924 radiis
431 2869 564 2924 eiusmodi
590 2867 748 2931 eotlusust.
766 2866 878 2921 omnino
906 2867 938 2922 flt
955 2875 987 2921 ut
1003 2867 1147 2920 facultates
1168 2869 1253 2922 enimi

321 2943 351 2994 in
369 2942 419 2995 tali
446 2942 504 2993 fetu
531 2941 669 3011 praeclare
698 2948 867 3009 comparatae
890 2941 952 2991 sint.
970 2945 1000 2991 at
1023 2940 1046 2991 si
1064 2940 1256 3008 quomodocun

320 3013 410 3081 ipsum
427 3012 498 3063 mele
515 3011 671 3075 adficietur,
688 3011 771 3062 etiarn
792 3009 896 3062 diverso
914 3011 968 3061 erit
989 3017 1017 3062 et
1035 3011 1168 3062 contrarie
1187 3011 1256 3080 prior

321 3083 413 3135 sectio.
433 3081 505 3135 hunc
523 3083 551 3132 in
567 3080 678 3134 modum
695 3088 860 3149 spectatores
879 3080 923 3131 iili
941 3079 1098 3132 sublimium
1118 3083 1242 3133 sentiunt

320 3160 450 3221 quuntur.
468 3154 560 3203 eorum
576 3160 607 3204 tu
630 3152 785 3220 opinionem
802 3151 923 3215 reiicito‚
951 3167 982 3202 sc
999 3151 1088 3220 pravis
1108 3150 1256 3221 quibusdan

320 3221 373 3274 bus
391 3222 616 3273 cerebrumeius
637 3222 772 3342 repletum
798 3237 857 3273 esse
883 3220 1004 3284 credito,
1032 3235 1114 3292 quem
1140 3223 1232 3274 animo

320 3293 500 3361 conspexeris.
523 3308 585 3344 nam
606 3307 666 3344 cers
687 3308 747 3344 rum
771 3291 869 3344 mentio
894 3300 936 3344 est
959 3293 1186 3356 instrumentum,
1213 3293 1256 3344 ide

320 3363 408 3432 ipsius
426 3361 598 3414 instrumenti
624 3362 778 3415 adfectione
801 3363 991 3425 nuncetiam,
1016 3363 1093 3415 velut
1112 3364 1222 3425 artifex,
1243 3381 1256 3414 ε

320 3435 415 3485 suevit
432 3450 481 3502 pro
502 3442 577 3485 terea
594 3430 660 3485 deus
677 3432 775 3485 herbas
785 3432 913 3503 quasdam
925 3431 1049 3484 condidit
1062 3432 1162 3501 quibus
1172 3435 1253 3486 variis

320 3506 405 3574 atque
420 3451 522 3556 mordis
541 3501 712 3566 medeamur,
738 3512 766 3556 et
785 3503 941 3555 hominibus
968 3502 1101 3554 medicam
1118 3504 1256 3573 sapientie

319 3575 433 3643 largitus
452 3582 501 3627 est.
522 3573 587 3626 hinc
607 3582 636 3625 ct
654 3573 793 3627 cerebrum
814 3575 923 3643 purgari
941 3572 1071 3636 videmus,
1090 3582 1118 3625 ct
1132 3574 1244 3627 morbos

319 3646 487 3697 curationem
519 3644 676 3715 reqrirunt‚
702 3645 921 3696 convenientium
943 3644 1204 3696 medicamentorum
1234 3663 1256 3696 as

246 3730 250 3735 ·
320 3717 417 3768 sanari.
438 3732 494 3767 non
512 3716 593 3783 igitur
612 3731 704 3767 eorum
721 3715 812 3766 verbio
830 3714 921 3783 decipi
938 3721 965 3766 te
979 3715 1087 3782 potitor.
1106 3731 1138 3765 ac
1155 3731 1192 3767 ne
1211 3715 1256 3768 sati

319 3803 369 3836 ceu
389 3787 492 3838 dictum
520 3794 577 3850 est,
594 3785 624 3836 hi
643 3786 729 3837 morbi
748 3783 903 3836 hominibus
928 3783 1061 3837 accidunt
1083 3784 1149 3854 quid
1171 3787 1242 3837 enirn

320 3857 370 3906 sati
387 3857 447 3908 vuit
471 3856 647 3919 vocobulum,
681 3856 715 3907 de
737 3855 856 3923 ipsorum
875 3855 1026 3918 sententia,
1044 3870 1124 3924 quum
1142 3856 1217 3926 quod
1235 3858 1257 3907 si

320 3924 428 3993 quidam
445 3927 624 3988 inevitabilis,
644 3934 718 3978 ortus
737 3927 853 3988 exseris
869 3933 1001 3995 perpetua
1019 3933 1108 3977 motus
1129 3927 1256 3979 coelestio

321 3995 397 4046 rum?
423 3997 498 4064 quod
532 3998 619 4065 ipsum
645 4005 719 4049 totus
747 3996 795 4047 ilie
820 4005 972 4048 cunctorum
994 3996 1111 4048 virorum
1136 3996 1256 4048 coctusi

320 4065 416 4116 reiicit
435 4067 608 4133 quomobrem
627 4066 716 4118 istuc?
733 4068 798 4135 quia
817 4067 933 4118 muitum
949 4067 1081 4117 amentiae
1101 4067 1256 4122 stoliditatis

321 4136 406 4210 tinet,
425 4138 485 4205 pius
503 4137 663 4206 depietatis,
681 4145 841 4206 utmagnus
859 4137 908 4189 iile
927 4138 1040 4189 Basiiius
1060 4137 1189 4205 ioquitur.
