2722 4800
278 248 355 331 160
611 272 825 337 urcuanus
855 269 1020 339 cavean

126 472 130 481 s
190 431 215 482 P·
227 428 258 495 84
270 429 395 498 σι’λειος.
416 424 455 486 ου’
472 419 533 506 γὰρ
550 419 650 505 όηπου
672 419 803 502 saitis
824 421 1072 500 όιακεκαυμὲνην
1090 415 1146 480 nat
1165 419 1314 502 ‹iyrsn'pyqu

272 525 326 588 καί
344 524 401 607 τὴν
428 523 665 604 κατεψυγμένην
685 523 741 582 καί
761 513 877 600 ἄβατον
905 522 973 581 κατ’
991 515 1126 601 α’νόγκην
1145 514 1174 581 οἱ
1194 512 1314 601 ὅνθριοπι

271 625 464 706 πληροῦσιν·
506 619 586 683 α’λλὰ
606 620 734 703 κυρίους
754 616 836 702 ἡμᾶς
862 619 987 701 ἐποίησε
1007 619 1156 701 πληροῦν.
1210 622 1262 682 sui
1276 627 1314 682 πλι

272 727 391 804 ροῦμεν
415 717 514 803 αὐτην
535 723 580 808 τῷ
601 722 754 805 λογισμῷ·
813 712 890 782 όταν
910 714 971 802 γὰρ
991 713 1110 796 ἴδωμεν
1130 712 1226 782 πόσον
1245 722 1314 801 με’τρι

271 827 327 905 τῆς
349 821 594 902 διακεκαυμένης
612 821 665 882 καιΙ
685 814 856 900 taratros,
880 809 957 880 όταν
980 813 1099 896 ἴδωμεν
1118 816 1218 881 πόσον
1236 816 1269 879 τό
1286 822 1314 879 sl

270 925 317 1002 μα
337 917 373 983 τό
394 918 534 999 βόρειον,
563 915 582 978 ii
603 914 655 980 διὰ
687 914 744 998 την
764 913 1025 997 ὑπερβάλλουσαν
1045 916 1143 994 ψῦξιν
1163 913 1314 998 ἅγνιόργηυ

271 1023 337 1085 ἐστι
359 1019 414 1081 καί
434 1013 608 1100 ἄχρηστον,
631 1016 687 1077 οὐκ
705 1010 932 1097 ε’πληριόσαμεν
950 1010 1104 1097 τηννῆν,
1121 1008 1203 1077 ἀλλὰ
1225 1012 1259 1078 τό
1276 1038 1314 1096 χρ

270 1143 364 1201 σιμον
386 1115 598 1196 ἐκλεξάμενοι,
622 1115 656 1180 τό
677 1109 749 1180 ὅσον
768 1107 928 1198 ἄχρηστον
948 1113 992 1187 εἷς
1005 1111 1160 1198 διαμονήν
1180 1109 1314 1197 ἅνθριόπυ

272 1217 544 1299 ἀπεπεμψάμεθα.

355 1318 442 1381 Καὶ
472 1310 583 1379 εἶπεν
609 1312 628 1376 ό
656 1315 775 1390 θεός·
827 1311 918 1377 ι’όοό
953 1313 1111 1376 δέδωκα
1141 1312 1243 1394 ὑμῖν
1275 1316 1314 1375 πό

272 1413 397 1495 ’ξόλον
425 1413 443 1477 ό
473 1408 559 1496 ἔχει
590 1413 750 1496 καρπόν
781 1408 983 1501 inisero.
1030 1408 1133 1493 όμῖν
1160 1410 1314 1478 iurasti

272 1519 429 1599 βρῶσιν
458 1517 524 1577 καὶ
552 1516 657 1577 πᾶσι
690 1521 778 1587 τοῖς
809 1515 979 1597 θηρίοις
1007 1517 1073 1595 τῆς
1094 1517 1171 1596 γῆς.
1221 1511 1314 1593 πρόσει

245 1611 348 1680 Baria·
390 1606 528 1695 ἄρχοντα
548 1616 607 1693 μὲν
627 1610 689 1695 γάρ
710 1614 772 1675 ταῖν
793 1611 918 1692 ἰχθύων
940 1614 995 1676 καί
1011 1616 1073 1677 τῶν
1094 1616 1211 1677 λοιπῶν
1233 1615 1313 1695 ἒποίη

273 1714 329 1779 τόν
359 1707 527 1795 ἄνθρωπον
546 1710 563 1775 ό
583 1705 677 1793 θεός,
707 1710 746 1774 ου’
766 1709 831 1794 μὴν
851 1713 887 1776 δὲ
905 1713 960 1774 καί
975 1709 1032 1794 τήν
1053 1709 1232 1776 α’νιόλυυσιν
1254 1706 1314 1776 αότι

273 1816 361 1900 αότῷ
382 1811 627 1896 συγκεχώρηκεν.
679 1807 759 1875 ὥστε
788 1807 807 1893 ἦ
828 1812 888 1892 μὲν
907 1806 1014 1894 πρυότη
1037 1810 1210 1893 νομοθεσία
1232 1836 1314 1895 κσρπι

274 1909 448 1977 ἀπολαύειν
469 1913 647 1977 ἐνόὲόονκεν.
689 1906 736 1975 ἔτι
761 1908 822 1994 γὰρ
844 1911 1056 1992 ἐνομιζόμεθα
1080 1908 1161 1987 ι’ίξιοι
1183 1915 1241 1975 τοῦ
1257 1934 1313 1994 παρ

203 2027 205 2032 ’
275 2015 384 2078 δείσου
417 2007 519 2077 εἶναι·
571 2008 691 2095 καρπός
712 2008 819 2075 λοιπόν
846 2009 901 2074 καί
917 2006 997 2093 χλόη
1018 2009 1073 2073 καί
1088 2011 1201 2093 χόρτος
1221 2011 1314 2094 ἦμῖνι

272 2116 411 2196 βρῶσιν,
431 2111 496 2187 τοῖς
516 2120 667 2186 πετεινοῖς
686 2135 719 2175 τε
741 2113 800 2174 τοῦ
822 2111 963 2193 ου’ρανσῦ
982 2110 1037 2172 καί
1057 2114 1134 2174 πᾶσι
1153 2120 1219 2186 τοῖς
1237 2112 1314 2194 θηριί

273 2215 329 2296 τῆς
349 2213 416 2294 γῆς.
457 2215 488 2275 εἰ
505 2208 567 2293 γὰρ
592 2212 648 2273 καί
663 2217 721 2273 νῦν
743 2208 857 2288 αἵμασι
887 2211 1055 2291 χαίρουσιν
1074 2204 1092 2272 ό
1111 2233 1145 2275 τε
1167 2213 1247 2274 λέων
1266 2204 1314 2272 κατ’

272 2309 450 2393 πάρόαλις,
471 2312 539 2372 ἀλλ’
561 2304 647 2389 ὅμως
668 2307 722 2370 καί
737 2309 835 2375 τοῦτο
858 2310 903 2394 τῷ
923 2308 1004 2397 νόμῳ
1025 2312 1081 2391 τῆς
1103 2305 1229 2393 φύσεως
1248 2307 1314 2372 rinos

272 2410 410 2491 ταγμένα
434 2416 565 2490 καρποῖς
583 2408 776 2493 narretque.
817 2405 928 2491 ἐπειδὴ
951 2410 987 2473 δὲ
1009 2406 1122 2484 όθεός
1144 2411 1314 2496 ἐκδεδιηιημ

244 2521 327 2574 cour
351 2501 415 2570 εἶδε
435 2505 490 2572 τόν
510 2498 688 2591 ἄνθρωπον,
710 2509 845 2597 δευτέρην
865 2503 950 2597 νόμην
969 2506 1051 2593 μετυὶ
1073 2506 1129 2573 τόν
1142 2515 1314 2589 κατακλνσμ

344 2691 369 2728 a.
388 2674 516 2746 ἀνάγκης
533 2676 559 2727 Ρ.

274 2813 357 2865 verba
383 2830 494 2882 mugnus
523 2813 571 2863 ille
588 2813 700 2864 Basilius
725 2814 927 2883 interpretatur.
953 2831 1004 2866 nec
1022 2817 1093 2867 enim
1113 2817 1314 2868 hominesnecu

274 2884 379 2936 babent
404 2886 448 2936 vel
471 2892 608 2953 perustam
627 2884 736 2935 illama
763 2885 821 2935 sole
841 2893 937 2937 terram
954 2888 998 2937 vel
1016 2889 1103 2939 cultus
1121 2890 1208 2940 omnis
1228 2892 1314 2957 expers

274 2956 318 3005 vel
339 2956 436 3021 frigore
455 2955 541 3005 nimio
565 2956 691 3006 inutilem
710 2955 754 3005 vel
774 2956 937 3007 inaccessam
958 2959 1078 3027 replere:
1098 2959 1147 3010 sed
1165 2959 1216 3009 hac
1232 2973 1314 3009 soce(

275 3043 307 3075 us
336 3025 415 3076 nobis
440 3027 480 3076 ius
507 3025 652 3093 replendae
670 3034 758 3077 terrae
775 3029 913 3079 concessit.
940 3045 1045 3098 nosque
1065 3029 1133 3080 atleo
1152 3031 1283 3099 replemus
1299 3042 1314 3076 ea

276 3112 308 3145 ea
328 3096 437 3147 rationis
452 3095 573 3148 arbitrio.
608 3104 782 3165 posteaquam
804 3099 874 3148 enim
892 3101 1075 3169 perspeximus
1097 3110 1230 3170 quantum
1248 3099 1314 3169 spoli

274 3173 346 3216 terra
365 3174 475 3234 perusta
501 3175 529 3218 et
555 3166 744 3218 inhabitabilis
769 3178 903 3237 occupet,
920 3179 1052 3239 quantum
1079 3172 1236 3240 aquilonale
1263 3168 1314 3218 clim

275 3236 350 3305 quoii
364 3237 443 3287 nimii
463 3235 569 3304 frigoris
590 3254 669 3288 causa
690 3238 789 3307 nequit
804 3240 891 3290 ixcoli
915 3250 943 3292 et
962 3250 1003 3293 est
1022 3243 1137 3303 inutile,
1158 3257 1248 3292 annon
1263 3247 1314 3289 tera

276 3308 409 3374 reliquam
427 3308 635 3374 complevimus?
659 3326 750 3359 onnon
769 3309 875 3362 delecta
893 3312 951 3362 eius
972 3312 1035 3364 utili
1054 3319 1141 3381 parte,
1162 3306 1314 3381 quicquidl

274 3377 402 3429 bitatioui
422 3375 563 3427 hominum
585 3387 627 3429 est
645 3379 753 3442 inutile,
773 3381 971 3450 relinquimus?
1016 3428 1018 3431 ,

344 3447 438 3509 „Dixit
457 3448 523 3497 item
541 3448 624 3512 deus:
648 3467 682 3500 ea
708 3466 757 3519 ego
786 3454 904 3503 concessi
928 3451 1006 3503 vobis
1029 3467 1121 3503 omnes
1153 3452 1314 3520 fnsgiierast

274 3520 371 3581 bores,
390 3516 489 3588 quibus
507 3517 542 3569 aul
565 3520 719 3572 alimoniam
738 3530 766 3572 et
786 3538 833 3572 vos
855 3523 969 3574 utamini
988 3530 1016 3574 st
1038 3540 1130 3574 omnes
1156 3523 1258 3575 bestiae
1274 3529 1314 3571 tra

273 3592 358 3642 stres''
386 3589 466 3661 (Gen.
492 3607 500 3640 a
522 3590 575 3658 29).
595 3590 657 3642 heic
681 3591 799 3642 animum
818 3591 959 3646 advertito.
988 3592 1054 3645 deus
1072 3593 1183 3664 quidem
1200 3594 1303 3664 piscium

275 3661 431 3711 animalium
460 3661 644 3729 relinquorum
673 3661 812 3714 (lominum
840 3663 1073 3728 lectitantium,
1091 3681 1184 3717 verum
1204 3675 1235 3717 ut
1262 3664 1314 3714 tiss

275 3740 395 3783 sceretur
417 3749 474 3782 non
489 3733 618 3801 permisit.
650 3733 777 3785 nimirum
806 3735 874 3785 baec
891 3735 978 3806 primo
996 3735 1041 3786 lex
1059 3744 1166 3788 tantum
1185 3728 1315 3787 hominiis

276 3810 367 3852 ctuum
394 3819 470 3852 usum
496 3803 677 3866 concedebat,
703 3821 762 3855 cum
787 3805 875 3856 adhuc
899 3805 1024 3874 paradiso
1049 3806 1146 3874 dignus
1173 3816 1251 3858 esset
1266 3804 1314 3866 tuq

275 3880 330 3922 tarn
349 3873 472 3924 homines
492 3890 573 3943 quam
592 3881 688 3927 atreus
707 3876 830 3927 volucres
845 3886 873 3929 et
889 3886 1029 3928 terrestres
1047 3878 1155 3929 bestiae
1172 3873 1314 3930 fructibus*

277 3941 385 4003 borum,
403 3942 508 4006 herbis,
527 3948 644 4013 gramine
662 3945 849 3998 vescebantur.
872 3955 901 3999 et
918 3964 1071 4017 quanquam
1089 3948 1173 4001 hodie
1192 3950 1244 4010 leo,
1262 3934 1314 4016 pud

278 4012 326 4072 lis,
344 4014 414 4062 aliae
439 4013 514 4065 ferae
537 4017 654 4068 cruentis
683 4017 891 4069 mactationibus
912 4017 1034 4087 cibisque
1055 4018 1241 4080 delectentur,
1267 4025 1314 4066 sam

279 4081 308 4132 id
326 4084 453 4149 temporis
478 4084 546 4136 haec
564 4089 645 4137 etiam
666 4088 793 4138 animalia
819 4089 873 4157 legi
890 4097 1002 4140 naturae
1020 4089 1128 4142 subdita
1148 4090 1274 4142 snrctibus
1290 4090 1314 4129 ²¹

278 4160 336 4215 tum
354 4151 545 4207 elehenwanc
562 4167 739 4227 posteaquam
757 4158 824 4212 (leus
836 4159 974 4214 hominem
993 4162 1045 4214 iam
1060 4161 1162 4216 factrus
1180 4162 1314 4228 intemptfi

311 4267 321 4305 ί
