2766 4800
222 237 270 289 12
551 227 768 319 tricastinus
799 213 962 291 carcaa

216 377 274 452 osis
293 387 459 469 στοιχείων
489 381 525 448 ui
556 386 710 465 κτίσματα
740 383 956 464 συνέστησαν,
985 385 1066 469 πλήν
1094 380 1151 451 oia
1181 385 1216 450 ἑκ
1246 387 1303 467 τῆς

217 481 387 567 ἀσωμάτου
419 479 497 567 ὕλης
525 481 564 547 τὰ
601 492 744 564 στοιχεῖα
774 479 807 546 τὸ
842 477 923 545 εἶναι
953 481 1102 570 εἰλήφασι
1124 485 1201 550 κατὰ
1227 484 1303 558 τούς

155 583 351 666 Μέξιυθεν,
375 585 442 651 ἀλλ’
464 586 496 661 ἐξ
518 584 618 648 αὐτοῦ
638 588 697 647 τοῦ
712 583 840 645 πάντων
861 582 1057 666 δημιουργοῦ
1076 588 1132 650 κατ’
1151 586 1246 649 θεοῦ·
1269 585 1304 646 ἑν

148 687 252 773 maj
277 680 383 771 πρώτῃ
410 682 469 767 γάρ
505 682 607 769 ήμέρρ
636 686 710 746 καθ’
737 679 776 764 ήν
796 683 829 756 ἐξ
853 681 910 742 osia
944 673 1041 746 ὅντων
1064 686 1227 767 παρήγαγε
1247 681 1304 747 τόν

216 781 349 864 οιῖρανὸν
371 788 426 848 καί
442 782 498 866 τήν
517 787 576 866 γήν
597 780 613 845 ri
641 778 716 855 θεός
728 831 736 862 ,
766 782 936 863 τηνικαῦτα
957 779 1013 846 καί
1031 782 1111 847 aristi
1133 782 1331 867 συμπαρή-5

215 907 290 965 γαγε
311 883 349 948 τὰ
370 892 534 965 στοιχεῖα,
556 883 599 958 ὠς
618 881 763 944 ἐντεῦθεν
783 879 885 944 πάντα
906 877 985 964 πρὸς
1004 879 1038 946 τὸ
1062 875 1145 948 εἶναι
1165 877 1303 972 παράχε-

214 988 305 1050 atas.
347 981 401 1046 sai
416 985 491 1066 περί
508 986 566 1063 μὲν
587 986 647 1044 τοῦ
671 981 809 1060 οιῗρανοῦ
827 984 970 1045 τοιαῦτα.

297 1084 387 1167 Περὶ
410 1085 445 1147 δὲ
473 1085 527 1160 τῆς
545 1084 602 1165 γής
632 1082 749 1144 εἰδέναι
775 1079 914 1164 operiam
945 1075 996 1144 ὅτι
1016 1085 1113 1162 μέσον
1143 1072 1225 1163 αὕτη
1245 1080 1304 1143 τοῦ

214 1181 330 1258 παντὸς
350 1179 547 1268 ᾰπῃῶρήται.
597 1183 653 1243 καί
672 1182 764 1244 τοῦτο
784 1181 890 1262 γνοίης
910 1174 949 1243 aiv
969 1182 1004 1244 ἐκ
1023 1184 1078 1264 τῆς
1096 1181 1158 1246 τῶν
1178 1172 1305 1260 ἄστρων

214 1283 373 1365 κινήσεως.
418 1282 588 1364 ἰσομεγὲθή
609 1283 665 1344 καί
687 1277 747 1362 γὰρ
772 1276 940 1360 σύμπαντα
962 1284 1110 1365 φαίνεται
1129 1280 1206 1362 ἡμῖν
1223 1277 1303 1340 ‹isa-
1319 1298 1355 1338 ro

213 1382 360 1446 τέλλοντα
388 1378 445 1444 καί
467 1382 726 1461 μεσουρανοῦντα
756 1377 812 1442 uui
833 1375 979 1443 δυ’νοντα.
1032 1377 1087 1443 καί
1104 1374 1196 1444 τοῦτό
1218 1379 1306 1442 ἐστιν

215 1476 293 1562 ὅπερ
315 1474 332 1543 ὃ
357 1482 456 1562 μέγας
476 1481 645 1555 Βασίλειος
680 1481 714 1544 ἐν
737 1480 778 1564 τῇ
795 1475 870 1560 περὶ
901 1476 1076 1564 γωστήρων
1113 1481 1184 1564 ἕκτῃ
1203 1475 1307 1539 αὐτοῦ

185 1577 324 1667 Βὸμιλίρι
344 1580 443 1666 φησί,
472 1580 536 1665 „aqi
557 1581 592 1643 δὲ
607 1572 694 1666 ’ήλίιγ
716 1578 819 1653 οὐδείς
840 1577 926 1641 ἔστιν
945 1576 1102 1660 ἐγγυτάτω
1123 1579 1179 1640 καί
1199 1573 1307 1646 atteia

213 1675 427 1762 πορρωτάτω,
455 1673 525 1742 ἀλλ’
546 1679 579 1756 ἐξ
601 1674 675 1742 ἴσου
706 1681 762 1742 τοῦ
795 1673 1007 1760 διαστήματος
1036 1684 1102 1751 τοῖς
1133 1672 1214 1739 κατὰ
1242 1675 1313 1736 πᾶν

213 1778 309 1860 μέρος
329 1781 382 1862 τής
401 1779 457 1862 γής
477 1778 721 1863 κατῳκισμένους
743 1779 968 1859 προσβαλλει.”
1010 1777 1148 1861 πρόσεχε
1167 1766 1233 1837 οὖν.
1278 1774 1309 1837 εἰ
1322 1782 1359 1843 ι5

213 1873 275 1960 γάρ
307 1877 504 1961 παρήλλαξεν
540 1875 560 1960 ή
593 1879 632 1959 γή
661 1874 719 1960 τήν
746 1872 924 1959 μεσότητα,
954 1875 1051 1958 ἐχρῆν
1083 1873 1219 1960 ὁποτὲριρ
1247 1875 1308 1953 μὲν

190 1976 475 2061 ,προσκεχωρήκει
501 1977 563 2040 τῶν
582 1979 672 2059 πέριξ
694 1964 818 2058 μεροῖν,
848 1977 948 2041 ἐκεῖσε
969 1972 1009 2040 τὰ
1032 1968 1132 2057 ἄστρα
1153 1970 1305 2056 γινόμενα

215 2071 295 2156 ὁρᾶν
313 2077 464 2156 μείζονα,
494 2076 552 2161 εἶφ’
587 2065 631 2140 ὧν
654 2078 688 2139 δὲ
710 2078 868 2159 διέστηκεν
891 2068 1044 2157 crispis
1066 2070 1191 2147 τούτοις
1211 2069 1309 2136 ε’λιὶσ·

213 2187 292 2238 σονα
313 2177 412 2239 ταῦτα
434 2167 558 2258 ἀθρεῖν.
580 2177 637 2238 νῦν
659 2176 694 2237 δὲ
715 2170 936 2254 ἁπανταχόθεν
968 2172 1023 2237 ἴσα
1042 2169 1185 2257 ὁρώμενα
1210 2173 1306 2235 ‹tatu-

173 2299 175 2305 ·
213 2296 265 2337 σιν
285 2272 361 2355 ἡμῖν
380 2276 498 2337 ἐννοεῖν
519 2269 567 2336 ὅτι
585 2272 682 2352 μέσον
704 2271 723 2354 ή
749 2275 788 2355 γή
808 2275 866 2335 τοῦ
890 2272 1007 2347 παντὸς
1027 2267 1228 2358 α’πῃῶρηται.
1250 2269 1360 2340 anino

213 2368 274 2454 γὰρ
294 2373 324 2434 ei
356 2368 399 2455 μή
435 2373 526 2434 τοῦτο
554 2364 613 2454 ήν,
636 2373 666 2434 εἰ
684 2369 730 2459 μή
757 2367 901 2454 καθάπερ
925 2365 1074 2452 εἴπομεν,
1093 2371 1306 2456 α’πγωρήμένρ

215 2465 299 2561 αὕτη
319 2466 476 2559 παρήγετο
498 2474 566 2536 κατ’
593 2467 714 2557 α’ρχιὶς,
746 2471 804 2535 ου’κ
823 2464 863 2540 ὃν
886 2467 919 2537 ui
938 2470 1018 2538 κυτιὶ
1038 2467 1153 2545 τόπους
1170 2465 1309 2553 κινήσεις

288 2630 327 2716 'i'
345 2627 417 2706 τοῖς]
436 2631 489 2684 τοῦ
512 2631 538 2685 P.

214 2774 275 2827 est?
294 2774 329 2827 tle
347 2782 476 2847 quattuor
496 2776 606 2848 quidem
624 2777 766 2829 elementis
786 2779 874 2833 omnia
894 2776 1026 2846 producta
1045 2784 1116 2839 srrnt,
1134 2793 1225 2828 verum
1246 2793 1306 2829 non

214 2863 248 2896 ex
265 2846 314 2898 iila
331 2849 443 2900 materie
464 2849 584 2917 corporis
603 2858 713 2917 experte
731 2855 853 2900 naturam
873 2848 1072 2916 essentiamque
1090 2865 1164 2899 saram
1183 2849 1306 2898 elomen-

213 2925 243 2968 ta
261 2928 437 2988 aeceperunt,
457 2935 528 2988 quac
547 2920 724 2970 extrarioruar
751 2927 793 2970 est
807 2921 955 2972 sententia:
974 2920 1013 2971 sic
1029 2928 1124 2971 tamen
1137 2918 1204 2970 haec
1219 2919 1308 2969 intei-

213 2986 345 3055 ligantur,
366 2997 398 3040 ut
415 2991 504 3040 onmia
523 3007 611 3040 rernm
630 2988 665 3041 ab
685 2991 781 3059 opifice
799 2993 921 3059 prosecta
940 2989 1079 3041 fateamur.
1098 2989 1225 3049 namvdie
1247 2990 1306 3057 pri-

211 3074 264 3121 mo,
285 3075 340 3128 quo
363 3060 467 3110 caelum
487 3077 517 3111 ac
535 3068 634 3112 terram
659 3060 692 3112 de
709 3061 798 3112 nihilo
819 3063 955 3114 inertum
975 3060 1118 3130 produxit,
1146 3061 1205 3129 ipsa
1222 3061 1305 3113 simui
1322 3067 1328 3083 ⁴

214 3127 349 3181 elementa
368 3129 500 3194 condidit,
521 3140 552 3184 at
569 3131 725 3201 indeporro
751 3141 855 3184 caetera
866 3133 1052 3203 provenirent.
1068 3140 1151 3202 atque
1170 3131 1305 3184 hacteuus

215 3207 243 3255 et
260 3197 416 3252 huiusmodi
436 3199 470 3251 de
489 3203 564 3252 caeto
587 3201 660 3254 dicta
675 3212 763 3255 sunto.
961 3258 964 3263 ,

284 3271 396 3322 Terram
414 3273 482 3323 scire
500 3272 584 3324 debes
595 3274 624 3324 ia
635 3275 820 3334 universitatis
832 3291 921 3326 rerum
937 3273 1028 3327 medio
1049 3274 1127 3343 quasi
1144 3266 1304 3342 suspensam

214 3355 288 3407 esse3
313 3341 388 3410 quod
414 3343 503 3410 ipsum
522 3344 587 3396 licet
612 3343 646 3396 de
677 3345 796 3396 siderum
817 3354 893 3397 motu
919 3357 1071 3413 cognoscas.
1090 3361 1153 3395 nam
1172 3341 1306 3395 ea'nobis

214 3428 273 3464 csse
288 3409 483 3481 magnitudinis
509 3414 630 3465 eiusdem
643 3415 772 3467 videntur
795 3417 903 3478 omnia,
923 3417 979 3468 sive
997 3416 1119 3467 oriantur
1138 3415 1193 3466 sive
1211 3413 1305 3466 arretiio

212 3484 317 3547 sintin
335 3484 412 3534 coelo
437 3485 495 3535 sive
516 3485 648 3538 occidant.
668 3496 751 3556 atquo
776 3486 828 3537 hoc
846 3486 917 3538 iilud
934 3484 1065 3555 estquod
1082 3502 1193 3554 magnus
1211 3494 1307 3536 noster

211 3553 329 3606 Basilius
355 3555 383 3606 in
411 3555 536 3608 oratione
564 3566 640 3608 sexta
657 3557 690 3608 de
712 3557 890 3609 luminaribus
909 3559 961 3620 ait,
981 3557 1118 3608 neminem
1139 3556 1190 3607 soii
1211 3557 1306 3624 prosi-

211 3639 285 3676 mum
303 3641 363 3678 esse
379 3619 430 3677 rr'ec
450 3643 465 3676 a
494 3627 552 3679 sole
571 3628 727 3695 longissime
745 3628 861 3690 distare,
883 3627 932 3682 sesi
951 3644 1012 3678 eum
1030 3627 1174 3678 intervallo
1190 3627 1250 3696 pari
1268 3627 1307 3678 ad

212 3696 320 3763 quasvis
346 3705 435 3751 terrae
464 3705 555 3766 partes
580 3697 764 3751 inhabitantes
782 3699 919 3751 accedere.
946 3696 1120 3767 quamobrem
1139 3697 1205 3749 haec
1222 3697 1305 3747 veiim

212 3773 303 3818 tecum
322 3769 417 3836 ipsius*
434 3778 497 3820 ante
516 3768 679 3821 'consideres
710 3787 773 3821 nam
793 3771 816 3822 si
835 3769 956 3820 aredium
973 3768 1054 3818 huius
1073 3768 1193 3819 universi
1213 3768 1305 3819 locans

211 3843 284 3888 terra
305 3854 360 3888 non
388 3839 540 3905 obtineret,
567 3842 645 3910 sequi
670 3857 780 3894 necesse
799 3842 870 3892 soret
889 3848 921 3891 ut
937 3838 972 3889 ad
988 3855 1181 3959 quamcunque
1198 3847 1305 3907 partem

212 3908 283 3959 forte
303 3909 413 3977 propius
435 3910 598 3964 accederent
622 3911 725 3976 sidera,
753 3913 816 3964 istic
841 3911 942 3962 maiora
960 3910 985 3960 vi
1007 3911 1135 3972 crentur‚'
1166 3909 1308 3978 aquibus

142 3981 148 3993 ’
213 3987 305 4029 autem
323 3979 429 4048 longius
447 3981 583 4047 abessent,
603 3983 679 4035 iniis
696 3985 802 4036 minora
819 3981 1047 4048 conspicerentur.
1064 3997 1138 4030 nunc
1157 3996 1220 4030 vero
1241 3996 1309 4031 cuns.

213 4049 354 4116 quibusvis
385 4067 418 4100 ex
448 4053 570 4121 partibus
595 4064 745 4123 appareant
770 4051 912 4122 aequalia,
930 4049 1102 4102 'contundam
1121 4049 1201 4102 nobis
1219 4049 1312 4100 relisa«

213 4128 301 4189 manat
319 4128 417 4183 terram
434 4122 463 4175 in
480 4124 599 4179 universi
616 4126 707 4179 medio
726 4123 855 4196 pendere.
872 4138 934 4176 uam
952 4087 1056 4192 aisque
1073 4122 1123 4174 illo
1141 4121 1231 4184 forn,
1252 4119 1311 4172 hoa-
