2692 4784
403 309 616 376 suuruuu
644 311 747 377 rsus
775 312 832 373 ιτ.
1059 278 1142 367 565

55 446 95 512 τύ
118 448 181 512 τῶν
198 444 353 530 κληριιιιύν
382 446 493 528 σχῆμα
521 442 716 527 μετενδύσας
735 450 800 518 τοὶς
819 436 937 508 inmoti
955 446 1145 527 θαλαμηπο·

56 553 129 621 λοις
149 549 324 623 κατέταξεν.
366 541 383 607 d
403 548 509 625 μέντοι
531 539 734 618 Πολύευκτος
762 539 859 626 ζήλου
878 546 1032 626 πλησθεὶς
1050 545 1146 627 η’νάχ-

57 648 139 724 καζε
158 644 212 709 τὸν
244 645 378 726 βασιλέα
410 644 519 706 τοῦτον
547 642 752 706 α’πούσασθαι.
795 637 837 718 ὥς
859 643 894 706 δὲ
917 645 1033 717 ἐκεῖνος
1053 642 1147 732 dede}

59 766 157 810 στατο
176 744 222 828 μὴ
245 741 279 807 τύ
301 739 477 824 μοναχικὸν
497 738 679 823 ἐπάγγελμα
700 744 766 822 μετ’
788 742 885 825 εύχῆς
905 743 1070 824 δέξασθαι,
1092 741 1145 807 διά

30 844 163 931 ὄφόβον
184 845 220 906 δὲ
240 845 297 908 τού
316 844 490 924 βασιλέως,
514 840 627 905 τούτου
652 838 748 926 χάριν
770 840 915 926 α’φίεται.

146 943 334 1027 Νικηφόρον
364 943 423 1022 μὲν
452 933 509 1005 οὖν
532 937 589 1004 τάν
618 941 751 1021 words,
779 943 961 1022 ιλόμὲστιιιον
977 943 1149 1025 τηνικαῦτα

60 1035 135 1106 ὄντα
153 1041 216 1106 τάν
242 1041 368 1122 σχολούν
395 1039 450 1104 καί
478 1037 581 1114 πολλοὶ
609 1037 747 1122 τρόπαια
769 1041 963 1124 στησάμενον
983 1037 1064 1105 κατά
1086 1044 1149 1106 τῶν

60 1137 151 1206 ὶιύιον
171 1142 382 1222 Σαρακηνούν,
417 1140 472 1203 κατ’
490 1142 560 1203 κατ’
577 1137 684 1203 adron
705 1138 744 1221 dr}
766 1144 830 1205 τῶν
851 1144 886 1203 ἐν
906 1137 1018 1226 Κρήτῃ
1040 1142 1146 1222 Σαρα-

61 1242 163 1325 ιιηνῶν
184 1239 354 1318 ἐκπέμπει·
410 1236 464 1302 καὶ
482 1235 519 1313 ὃς
539 1237 638 1301 πολλά
659 1241 718 1317 μὲν
741 1235 837 1302 einais
858 1232 955 1302 alerio
976 1240 1011 1303 di
1031 1241 1174 1304 οἰκονο-Ιι

18 1334 186 1425 ιομησας,
208 1339 264 1402 καί
296 1335 353 1421 τη“ν
373 1339 467 1421 νῆσον
487 1336 589 1421 αύτην
617 1341 792 1419 πολιορκῶν
816 1339 871 1401 καὶ
889 1338 935 1410 εἰς
953 1346 1063 1421 χεῖρας
1086 1332 1147 1420 η’ύη

1 1509 2 1517 ¹
59 1438 145 1521 ἔχων
164 1435 292 1518 ἔμελλεν
312 1429 352 1500 siv
372 1435 428 1500 ἐπὶ
446 1437 540 1501 πλέον
561 1435 957 1520 αύτηνκαταάοολῶσαίττ
977 1439 1034 1501 καί
1053 1462 1150 1500 κατα-

58 1534 296 1622 χειρούσασθαι.
351 1532 459 1621 φήμης
486 1537 522 1600 δὲ
543 1531 719 1620 κρατούσης
740 1527 836 1600 i'n'i
857 1536 1026 1619 κατασχών
1047 1535 1149 1618 oriris

56 1638 214 1718 Ῥωμαῖος
231 1637 265 1712 ἐξ
285 1633 422 1719 α’νάχκης
449 1633 636 1717 βασιλεύσει
650 1636 832 1717 Ῥωμαίων,
853 1628 923 1717 άμα
942 1640 986 1724 spi
1004 1639 1149 1719 yvoroilrJ⁴

59 1760 116 1802 ναι
132 1734 191 1820 την
210 1737 270 1819 τῆς
295 1735 393 1817 νήσου
423 1734 629 1817 κατάσχεσιν,
664 1745 737 1810 ταῖς
757 1739 817 1801 τού
836 1730 955 1821 ’Ῑιοσηφ
975 1733 1150 1819 ύπσθηκαις

7 1836 248 1910 οόάποστειλας
269 1828 467 1914 σ’Ῥισμανός
487 1831 541 1898 τὸν
561 1831 747 1920 Νικηφόρον
765 1837 887 1898 ἐκεῖθεν
907 1839 1147 1915 μετεκαλέσατο.

59 1934 235 2018 τηνικαῦτα
264 1931 320 1996 καὶ
339 1935 466 1997 Λέοντα
495 1934 615 1997 Φωκάν
648 1930 701 1996 τὸν
725 1935 782 1997 τού
801 1927 990 2018 Νικηφόρον
1011 1933 1150 2016 diripis

57 2032 277 2111 ἐξαπέστειλεν
288 2031 334 2105 εἰς
354 2029 521 2115 α’νατσλὴν,
541 2029 598 2096 καὶ
608 2028 642 2106 ὃς
655 2028 813 2116 τοσαύτην
826 2027 1029 2116 καταδρομὴν
1042 2028 1149 2112 ἐποιή-

56 2153 141 2212 σατο
160 2132 223 2194 ταῖν
241 2132 434 2215 Σαρακηνοῖν
467 2133 523 2195 καί
551 2127 712 2205 τοσαύτας
735 2128 898 2215 άριστειάς
929 2132 997 2193 κατ’
1022 2119 1157 2193 ἐκείνων

57 2227 194 2316 ἔστησεν
223 2228 267 2306 ὥς
285 2232 368 2312 μηδὲ
386 2226 467 2317 λόγῳ
489 2227 650 2295 δύνασθαι
674 2226 793 2304 ταύτας
815 2232 998 2310 διαλαβεῖν·
1040 2232 1176 2299 πάσανο

0 2328 125 2415 Γογάρ
146 2325 202 2413 τῆν
221 2326 373 2411 ἀνατολὴν
392 2326 506 2411 σχεδὸν
525 2326 729 2413 ἐχειρώσατο.
749 2330 801 2416 ἐφ’
823 2319 918 2420 pisid
933 2326 1013 2412 μετά
1027 2326 1149 2415 θριάμ-

56 2435 123 2512 βοο
144 2428 292 2513 λαμπρού
312 2427 330 2491 ὅ
351 2428 503 2510 βασιλεύς
520 2425 618 2494 oriris
638 2429 838 2512 ὑποδέχεται.

134 2615 160 2666 5.
180 2621 243 2681 post
260 2609 377 2682 ιλφλετατ
392 2613 430 2676 F,
455 2630 526 2684 quae
546 2613 674 2683 leguntur
698 2614 771 2684 apud
789 2613 940 2667 Cedrenum
968 2633 994 2685 p.
1012 2615 1065 2681 oto
1083 2615 1104 2667 C
1123 2624 1152 2669 et

132 2683 185 2754 627
207 2683 242 2734 C:
258 2682 332 2752 ἤχθη
351 2684 381 2736 dt
399 2713 434 2725 -
451 2685 556 2756 ἤγαγεν
573 2694 602 2738 et
617 2688 720 2757 γέγονε
736 2683 847 2756 χειμών
864 2715 900 2728 -·-
916 2684 1116 2739 παντοδσπιύν.

61 2845 125 2891 etus
145 2835 333 2887 aemulationis
353 2836 450 2905 plenus
477 2838 663 2907 imperatorem
681 2836 789 2905 adigere
809 2837 900 2908 coepit
915 2844 947 2889 ut
965 2835 1044 2916 alapa
1065 2836 1152 2904 laomi-

60 2925 130 2961 nem
145 2906 223 2958 illum
243 2906 370 2974 abigeret
399 2908 562 2977 imperatore
579 2927 642 2961 vero
659 2909 777 2961 vicissim
795 2909 962 2970 obsistente,
980 2917 1152 2978 negantequs

60 2979 194 3031 clericum
221 2977 302 3029 istum
328 2977 466 3029 solitariae
491 2980 562 3031 vitae
594 2980 788 3049 professionem
821 2995 881 3030 cum
909 2987 974 3029 voto
999 2978 1153 3047 amplexum

60 3049 170 3112 fuisse,
194 3045 241 3099 sed
259 3055 364 3099 tanturn
388 3050 555 3118 imperatoris
582 3059 671 3116 meto,
692 3048 854 3118 Polyeuctus
879 3048 930 3100 hac
949 3065 1028 3100 cause
1046 3052 1153 3119 cognita

60 3121 177 3173 missum
194 3135 256 3170 eum
275 3117 348 3174 feeit.

45 3240 48 3244 Α
137 3189 189 3240 llic
207 3190 353 3258 imperator
371 3189 553 3259 Nicephorum
571 3189 696 3254 Plrocam,
715 3189 764 3259 qui
780 3196 838 3241 tum
851 3191 981 3259 temporis
1001 3189 1153 3242 scholarum

60 3260 229 3313 domesticus
246 3268 305 3312 erat
320 3261 460 3329 multaque
478 3267 590 3330 tropaea
609 3270 702 3313 contra
722 3262 869 3311 Saracenos
887 3261 1033 3312 orientales
1050 3269 1154 3314 statue-

61 3340 124 3393 rat,
142 3331 223 3382 etiam
240 3329 366 3382 adversus
386 3329 528 3382 Cretenses
546 3332 693 3384 Saracenos
712 3348 771 3383 cum
789 3331 875 3400 copiis
893 3331 1036 3398 ablegavit.
1072 3331 1154 3383 Nico-

60 3401 169 3473 phorus
191 3400 288 3452 nutus
317 3399 398 3452 rebus
421 3401 562 3464 indicatis,
590 3403 713 3471 pluribus
736 3403 852 3453 consilio
869 3419 917 3453 suo
943 3402 1153 3462 administratis,

62 3489 128 3525 cum
147 3480 323 3540 expugnatam
345 3470 460 3522 insulam
478 3480 584 3523 tautum
603 3490 659 3524 uon
678 3473 732 3524 ruis
750 3474 778 3524 in
790 3473 914 3529 manibus
932 3471 1063 3536 haberet,
1080 3473 1154 3523 ulte-

60 3544 123 3595 rius
143 3542 173 3593 in
190 3558 223 3593 ea
239 3540 389 3610 subigenda
407 3542 596 3613 domandisque
614 3559 802 3612 progressurus
820 3551 885 3595 erat„
902 3559 993 3594 verum
1013 3542 1088 3612 quod
1105 3542 1156 3593 ob-

62 3615 170 3666 tineret
187 3613 256 3663 sama
285 3613 404 3664 futurum
421 3621 453 3665 ut
470 3612 552 3665 homo
570 3611 721 3678 Romanus,
748 3615 797 3683 qui
815 3630 874 3664 eum
892 3622 1064 3683 occupasset,
1082 3611 1156 3664 haud

63 3683 153 3737 dubie
170 3684 348 3734 Romanorum
372 3684 485 3752 irnperio
500 3685 653 3753 potiretur,
683 3685 774 3737 statim
793 3684 969 3752 occupatione
987 3685 1091 3735 insulae
1111 3701 1158 3734 co-

62 3755 159 3836 gnitp,
173 3752 288 3822 losepho
312 3763 439 3805 monente
458 3755 532 3809 misit
555 3756 702 3824 imperator
731 3756 778 3825 qui
795 3752 979 3822 Nicephorum
997 3753 1062 3804 inde
1081 3769 1158 3804 reso·
1218 3772 1222 3779 ·
1248 3783 1259 3797 -

62 3821 170 3876 caretit
189 3832 254 3875 tuuc
283 3832 311 3874 et
329 3825 384 3875 Leo
402 3825 517 3889 Phocea,
546 3825 694 3894 Nicephori
711 3825 811 3888 irater,
829 3823 863 3875 ab
883 3825 1047 3893 imperatore
1065 3840 1159 3875 versus

61 3895 204 3947 orientem
223 3893 422 3963 ablegatusest
441 3896 463 3946 ir
480 3904 556 3950 tento
573 3912 633 3947 cum
645 3899 749 3965 impetu
758 3895 904 3947 Saracenos
915 3895 1015 3946 invasit
1034 3910 1066 3944 ac
1077 3910 1160 3946 vexa-

61 3967 126 4028 vit,
145 3973 254 4034 tamque
273 3965 410 4033 praeclara
430 3967 459 4018 in
477 3967 549 4036 ipsos
575 3966 696 4018 facinora
714 3966 817 4028 edidit,
837 3974 869 4017 ut
887 3980 923 4018 ns
941 3965 1031 4016 verbis
1048 3965 1160 4036 quidem

63 4054 102 4088 ea
122 4036 187 4086 satir
203 4037 303 4104 exponi
316 4037 436 4104 possint:
455 4054 518 4089 nam
530 4037 663 4089 orientem
676 4051 761 4106 prope
779 4037 932 4088 uuiversum
946 4036 976 4088 iu
997 4043 1160 4106 potestatem

62 4103 183 4173 redegit
199 4115 364 4175 quapropter
376 4107 522 4178 imperator
534 4107 671 4162 hominem
683 4106 813 4178 deinceps
832 4102 992 4160 redeuntem
1012 4106 1160 4178 splendido

59 4194 131 4230 cunr
150 4175 285 4246 triumpho
305 4179 417 4247 excepit·
