2700 4792
277 254 353 337 180
608 275 823 342 urcmmrs
853 273 1015 339 essese

265 437 360 516 σῶμα
396 431 458 515 γάρ
489 428 566 512 μήτε
585 438 720 511 κρυμοῖς
749 431 923 493 unaarum
951 425 1030 510 μήτε
1051 423 1219 507 θάλψεσιν.
1238 427 1268 490 εἰ
1280 427 1308 507 γι

177 588 189 601 .
236 533 374 604 (ζὲλάπει
397 526 539 596 τοιοῦτόν
555 554 587 592 τι
608 525 709 605 πάθος
730 522 819 608 crissi,
839 530 895 591 καί
911 524 1128 605 σκεπάσματος
1149 519 1190 588 siv
1209 522 1308 605 ε’ξάνάς

266 656 322 716 κης
348 628 403 693 καί
433 626 654 711 προβλήματος
682 629 804 701 insulsis
830 617 878 708 ἦν.
933 625 991 688 οὐκ
1020 619 1066 688 άν»
1088 623 1187 688 αὐτὸν
1215 623 1308 705 πάσχε

265 729 354 816 ρι’ἡθρ
374 724 456 792 κατά
474 750 506 790 τι
529 722 545 788 ὅ
577 730 662 799 θεῖος
682 718 772 799 οὗτος
791 720 870 807 ἀνήρ
881 773 890 804 ,
912 720 975 806 εἴγε
992 724 1048 787 καί
1068 726 1191 803 μᾶλλον
1211 720 1265 804 τὴν
1283 748 1308 785 su

262 832 402 911 χυτέραν
422 825 523 908 σάρκα
540 827 595 890 καί
613 823 742 908 θνητήν,
763 823 819 909 ἀφ’
843 815 881 906 ἧς
896 816 961 902 άρα
982 821 1087 905 scissi
1110 822 1247 906 πάσχειν
1264 817 1308 904 sipi

265 933 299 996 ἐν
319 930 358 1013 τῇ
384 928 438 991 τοῦ
468 928 656 1006 δερματίνον
688 925 819 1006 χιτῶνος
845 926 998 1007 περιβολῇ
1019 919 1073 986 τὸν
1089 915 1197 1001 Ἀδάμ
1217 921 1308 984 uuus

263 1032 341 1091 σθαι
366 1023 480 1108 ἔλεγεν.
523 1023 621 1098 ἔδειξε
643 1021 704 1104 γάρ
731 1023 879 1086 ἐντεῦθεν
905 1016 953 1084 ὅτι
974 1019 1034 1102 πρὸ
1054 1023 1111 1103 τῆς
1130 1018 1273 1104 τοιαύτης
1290 1046 1308 1082 π

265 1127 395 1209 ριβολῆς
424 1119 553 1206 ἀπαθὴς
583 1120 599 1184 ά
631 1115 798 1204 άνθροοπος
829 1111 869 1202 ἦν
894 1114 950 1183 dre
981 1117 1020 1202 δὴ
1041 1119 1144 1202 σάρκα
1165 1120 1308 1201 λεπτοτὲρι

264 1224 489 1304 ἐνδεδυμένος,
522 1216 679 1284 α’θάνατόν
698 1243 731 1284 τε
761 1218 816 1282 καί
834 1212 1014 1303 ἄφθαρτον.
1057 1220 1128 1282 αλλ’
1147 1216 1205 1282 ἐπὶ
1220 1218 1308 1282 sarisa

264 1333 334 1399 ταῖς
358 1325 459 1397 λέξεσι
478 1323 679 1402 χαλεπαίνειν
700 1320 739 1382 ori
757 1313 831 1400 χρή.
873 1316 950 1382 κατά
971 1315 1033 1400 γάρ
1055 1315 1108 1382 τὸν
1126 1316 1308 1401 χρυσορρήμ

264 1447 305 1486 να
324 1422 466 1501 Ἰωάννην
494 1419 596 1500 πάσης
617 1412 793 1500 ἀπήλλακτο
824 1414 859 1480 τά
882 1421 976 1498 σῶμα
997 1419 1095 1480 ἐκεῖνο
1119 1420 1255 1502 φθορᾶς.
1296 1419 1308 1480 ε’

264 1513 291 1607 ᾧ
323 1522 377 1584 καί
406 1513 574 1603 ἄφθαρτον
604 1515 683 1580 αὐτὰ
722 1514 851 1590 δικαίως
882 1514 899 1579 o‘
927 1512 1016 1597 λόγος
1048 1515 1202 1580 ἐκάλεσεν.
1256 1519 1285 1580 εἰ

231 1614 451 1703 ῃάφθαρτον,
472 1610 606 1699 εὔδηλον
627 1610 674 1679 ὅτι
694 1618 749 1683 καί
771 1618 931 1679 α’θάνατον
951 1606 1001 1698 ἦν.
1045 1612 1154 1696 elysio
1176 1610 1308 1697 ἐπάγεσθ

188 1794 193 1804 ¹
266 1719 400 1781 εἰώθασι
412 1720 467 1779 καί
488 1716 575 1780 νόσοι
593 1718 648 1779 καί
666 1712 796 1779 θάνατοι
812 1714 891 1778 ἔατε
913 1718 1091 1791 πλεονεξίας
1109 1713 1165 1777 καί
1184 1717 1303 1793 illesus

264 1820 330 1880 τῶν
348 1815 511 1897 τεσσάρων
531 1815 662 1895 χυμῶν,
692 1812 776 1877 καθά
802 1809 840 1894 δὴ
860 1818 904 1899 τῷ
932 1809 1171 1895 χρυσορρήμονι
1193 1815 1292 1891 δοκεῖ,

183 1944 188 1955 ,
267 1918 302 1979 δέ
325 1938 361 1998 ys
383 1917 474 1995 σῶμα
497 1915 558 1977 τοῦ
572 1908 680 1993 Ἀδάμ
702 1917 736 1977 ε’ν
759 1907 898 1999 οἶπαθεάρι
920 1913 1006 1995 διῆγε
1024 1914 1080 1974 καί
1100 1908 1252 1987 doarium
1269 1905 1308 1991 eij

266 2015 322 2078 u'es'
341 2016 430 2098 (ον’δὲ
458 2013 519 2096 γάρ
551 2013 719 2077 ἀλλοίωσιν
750 2002 877 2093 ἐδέχετό
906 2034 977 2076 τινα
1004 2017 1233 2093 παραπλησίως
1264 2009 1308 2094 ἦρι

267 2111 324 2178 άτε
347 2110 387 2196 δὴ
407 2096 523 2176 παθῶν
539 2115 694 2176 παντοίων
714 2107 888 2193 ὑπέρτερον
911 2101 974 2195 ὅν),
996 2108 1142 2195 φαίνεται
1162 2110 1284 2184 πάντας
1302 2137 1308 2167 ι

267 2215 323 2276 καί
350 2211 530 2285 οἶθανασιάς
563 2207 686 2293 ὑπῆρχε
713 2212 863 2302 μέτοχον,
895 2207 938 2281 ὥς
973 2205 989 2271 o‘
1022 2205 1113 2290 λόγος
1144 2203 1206 2292 ἤδη
1226 2208 1308 2294 φθάσ

267 2312 435 2392 ἐδήλωσεν.
476 2305 527 2371 ὅτι
545 2310 580 2372 δὲ
602 2308 746 2392 φυσικῶν
767 2310 881 2370 παθῶν
903 2303 1058 2388 α’νάτερος
1088 2304 1105 2370 o‘
1128 2300 1294 2391 ἄνθρωπος

268 2412 303 2474 ἐν
333 2407 439 2497 ὲκείνφ
466 2409 510 2492 τῷ
533 2409 651 2495 καιρῷ,
681 2407 738 2470 sui
762 2406 780 2468 si
801 2409 900 2489 μέγας
927 2403 1025 2485 ἔδειξε
1048 2411 1218 2484 Βασιλειος
1236 2409 1269 2473 ἐν
1288 2432 1308 2472 εΙ

271 2752 322 2789 nec
352 2736 439 2789 aestui
466 2735 539 2788 soret
562 2735 717 2788 obnoxium.
744 2736 845 2806 quippe
864 2739 886 2789 si
913 2735 1044 2788 eiusmodi
1070 2738 1214 2808 quaepiam
1238 2737 1308 2788 adies

270 2808 394 2860 laesisset
412 2809 516 2876 ipsum,
549 2809 629 2858 etiam
645 2809 795 2858 necessario
821 2816 875 2859 tam
891 2816 1047 2876 tegumento
1063 2825 1142 2876 quam
1163 2810 1264 2860 vestitu
1282 2809 1308 2858 in

271 2881 380 2947 guisset
395 2878 428 2929 de
444 2895 497 2947 quo
516 2878 653 2946 colligitur
669 2877 788 2928 divinum
803 2877 875 2929 bunc
889 2881 974 2929 virum
992 2881 1158 2930 existimasse
1177 2880 1248 2931 nibil
1268 2896 1308 2930 om

272 2964 308 3000 no
328 2951 383 2999 talc
410 2948 468 2999 ullo
513 2956 573 2998 acto
603 2964 698 3017 corpus
716 2947 786 2998 illud
802 2947 919 3000 bominis
945 2951 1023 3018 primi
1043 2966 1201 3018 perpessum
1220 2950 1308 3001 ossei

272 3018 357 3071 tradit
374 3018 445 3069 idem
463 2965 595 3068 Asamum
621 3034 728 3068 carnem
747 3018 815 3069 banc
841 3022 996 3071 crassiorem
1023 3028 1050 3071 et
1068 3022 1149 3071 morti
1166 3021 1305 3072 obnoxiam

273 3105 328 3158 qua
345 3089 403 3156 ipsa
421 3089 628 3155 proficiscuntur
646 3087 798 3139 huiusmodi
817 3090 999 3155 adfectiones,
1027 3108 1080 3142 una
1100 3108 1160 3142 cum
1180 3094 1277 3143 amictu
1296 3108 1308 3159 p

274 3159 361 3210 liceae
385 3159 493 3208 tunicae
514 3157 642 3209 induisse.
672 3176 725 3227 quo
753 3159 875 3211 indicare
894 3161 982 3212 voluit
1000 3170 1063 3212 ante
1082 3163 1209 3213 amictum
1228 3164 1307 3214 eiusm

275 3229 357 3281 fuisse
384 3227 520 3278 bominem
539 3228 721 3279 adfectionum
746 3240 896 3298 expertem,
921 3233 1018 3300 utqui
1047 3249 1127 3283 carne
1148 3234 1308 3285 subtiliorei

274 3299 382 3352 mortali
400 3307 428 3349 et
447 3298 647 3366 incorruptibili
665 3301 739 3368 prius
756 3299 867 3352 indutus
880 3311 957 3353 esset„
977 3319 1046 3372 quae
1062 3320 1141 3355 voces
1160 3305 1308 3356 exhiberet

274 3370 415 3423 molestiae
434 3368 504 3419 nibil
518 3368 628 3420 debent.
649 3387 710 3420 nem
728 3370 762 3421 dc
774 3370 953 3438 chrysostomi
972 3375 1106 3424 sententia
1124 3392 1220 3443 corpus
1238 3373 1304 3426 illud

276 3441 390 3492 interitu
408 3448 466 3491 erat
484 3440 619 3502 immune,
637 3456 717 3508 quam
738 3440 773 3491 ob
793 3458 896 3493 causam
913 3444 1009 3495 merito
1027 3445 1234 3514 incorruptibile
1252 3445 1308 3497 dicit

275 3510 374 3581 quodsi
403 3517 463 3560 erat
487 3509 707 3579 incorruptibile,
732 3512 842 3580 planum
861 3522 902 3564 est
928 3515 1007 3565 etiarn
1025 3516 1174 3567 immortale
1190 3518 1308 3569 fuisses

276 3600 336 3633 cum
355 3580 442 3631 morbi
460 3589 541 3664 atque
559 3589 658 3632 mortes
683 3591 738 3632 tam
757 3582 973 3635 exabundantia
993 3602 1072 3654 quam
1102 3586 1212 3638 deiectu
1233 3595 1308 3657 quatt

277 3653 419 3704 humorum
443 3652 508 3702 orirr
537 3654 741 3714 consueverint,
769 3651 940 3705 adsentiente
968 3655 1046 3706 nobis
1070 3657 1100 3707 in
1131 3656 1183 3707 hoc
1200 3659 1258 3726 ipso
1277 3657 1308 3708 eti

276 3724 483 3790 chrysostomo,
508 3730 536 3772 et
562 3738 625 3773 vero
651 3738 746 3791 corpus
763 3723 858 3774 Adurni
883 3741 978 3792 expers
995 3724 1177 3778 adfectionum
1198 3729 1291 3789 suerit,

277 3792 340 3844 dem
358 3792 438 3845 modo
465 3792 569 3845 scilicet
592 3792 725 3844 adfectum
745 3803 877 3862 perpetuo
906 3795 972 3864 (non
990 3798 1062 3848 enim
1080 3799 1258 3850 mutationem
1275 3797 1309 3848 ull

277 3862 449 3927 admittebat,
467 3862 541 3933 quod
558 3864 587 3914 in
605 3862 684 3915 nobis
702 3866 845 3916 usuvenire
865 3866 1007 3930 cernimus,
1023 3877 1149 3938 tanquam
1169 3886 1248 3938 supra
1266 3884 1308 3918 om

278 3932 445 3984 adiectiones
464 3935 611 4002 positum),
631 3937 799 4003 perspicuum
816 3952 923 4005 prorsus
942 3946 983 3989 est
1000 3939 1080 3990 etiam
1098 3940 1231 4008 particeps
1251 3940 1308 3990 imus

278 4003 393 4055 talitatis
412 4003 502 4065 luisse,
519 4004 741 4073 quemadmodum
761 4006 811 4056 iam
830 4006 969 4059 multoties
991 4012 1032 4061 est
1051 4009 1208 4062 indicatum.
1228 4018 1256 4061 et
1276 4008 1308 4060 fui

279 4073 415 4124 hominem
434 4073 462 4124 id
484 4076 610 4143 temporis
629 4093 709 4145 supra
728 4092 820 4129 omnes
840 4077 1007 4131 adiectiones
1025 4081 1157 4149 positum,
1183 4077 1308 4148 magnus}

279 4143 394 4195 Basilius
421 4143 449 4196 in
477 4144 604 4200 dsceticis
630 4147 683 4199 suis
717 4146 852 4212 ostendit,
878 4146 926 4199 ubi
954 4148 989 4200 ad
1021 4151 1135 4204 uerbum
1160 4149 1226 4204 haec
1253 4156 1308 4202 esst
