2766 4800
246 209 301 296 62
510 277 519 296 ,Χ
581 231 797 298 urcmms
826 231 990 296 curem

216 383 333 474 c‘i'ttog
353 383 483 472 ἔγγιστα
504 390 747 473 περιστρέφεται
763 384 817 449 διὰ
836 383 870 451 τὸ
892 382 1094 470 βραχύτατον
1115 384 1217 448 αύτοῦ
1241 384 1337 469 μέρος

244 485 307 553 aiud
340 492 400 572 γῆν
426 483 652 552 καταδύεσθαι.
709 485 765 550 καὶ
784 486 818 550 ot'
834 507 870 567 γε
890 484 953 549 τῶν
973 484 1145 565 Βρετανοῖν
1166 483 1336 568 σ’ξοδερκὲ·

181 596 202 669 ¹,
243 611 354 655 στατοι
373 590 484 673 σαφῶς
504 586 605 672 ὁρῶσι
626 583 706 651 κατὰ
728 583 787 668 τὴν
800 584 899 649 νύκτα
920 580 976 648 κατ’
991 584 1107 667 μικροῦ
1129 581 1255 658 πάντας
1272 592 1337 660 τοῖς

244 690 426 774 ὀφθαλμοῖς
446 683 728 769 περιλαμβάνουσι.
780 681 923 766 μάνθανε
945 674 1002 748 οὖν
1016 684 1164 748 ἐντεῦθεν
1185 681 1228 758 ὡς
1251 680 1287 748 εἴ
1300 706 1336 766 γε

242 788 299 851 καί
319 788 353 850 ἐν
373 789 416 872 τῷ
437 789 510 851 καθ’
532 785 616 871 ἡμᾶς
636 783 765 867 κλίματι
786 785 847 866 ούχ
868 781 930 846 int
951 785 1009 866 γῆν
1030 781 1047 845 ὅ
1070 777 1159 864 ἥλιος
1180 783 1348 855 duodecima!

163 969 167 977 .
241 876 282 971 ἦν
303 887 372 950 ἀλλ’
394 882 519 969 ἔγγιστά
541 909 603 950 που
626 885 790 950 κάνταῦθα
809 885 1065 967 περιεστρέφετο,
1089 880 1108 963 ἦ
1128 876 1186 958 νύξ
1207 880 1337 965 οἷλρθοῖς

244 986 321 1069 oripi
341 983 415 1068 νύξ,
439 984 514 1050 oaldi
533 984 616 1048 πάνυ
649 981 736 1066 βαθύ
759 981 794 1048 τύ
815 981 926 1057 σκότος
948 981 1070 1064 αύτῆς,
1091 978 1170 1070 citici
1191 983 1337 1047 τοιοῦτον

241 1083 351 1150 ὁποῖον
370 1084 387 1148 ὅ
409 1083 499 1168 λόγος
530 1077 591 1168 ἤδη
626 1082 757 1169 φθάσας
783 1082 968 1172 ἐγνώρισεν,
990 1074 1045 1144 ὅτε
1067 1081 1224 1162 ούμενοῠν
1247 1083 1338 1146 α’ντι-

242 1182 445 1272 φραττούσης
462 1191 543 1259 ’ταῖς
560 1174 716 1266 ”diruente
747 1183 852 1247 α’κτΐσι
880 1173 1090 1245 παντάπασιν.
1147 1174 1169 1263 ἡ
1192 1179 1256 1263 γοὶρ
1278 1178 1336 1260 νύξ

242 1283 334 1349 οὐδὲν
354 1276 430 1348 ἄλλο
452 1284 539 1348 ε’στίν
560 1276 582 1367 ἢ
599 1280 739 1362 σκίασμα
758 1285 830 1367 γῆς,
857 1279 902 1355 ὥς
923 1277 940 1343 ὅ
962 1282 1062 1362 μέγας
1083 1281 1164 1365 φησί
1182 1282 1348 1345 Βασιλει-;

241 1406 286 1458 ος.
327 1386 387 1447 τοῦ
422 1384 499 1465 γοῦν
527 1380 618 1467 ἦλιόο
637 1379 683 1464 μὴ
704 1379 762 1466 τὴν
789 1382 847 1464 γῆν
865 1378 1094 1463 ύποτρέχοντος
1117 1378 1184 1443 ἀλλ’
1202 1375 1335 1462 ἔγγιστα

208 1482 551 1570 Βπεριστρεφομένοο,
572 1476 618 1556 ’ὥς
639 1473 762 1544 ἄνωθεν
785 1476 925 1565 εἴρηται,
952 1483 1088 1560 βαθεῖαν
1113 1476 1258 1560 γίνεσθαι
1279 1478 1335 1542 νύ-

242 1608 301 1647 κτα
332 1578 454 1656 πύντως
475 1579 648 1663 ἀμήχανον.
689 1580 744 1653 καί
761 1581 797 1645 τί
811 1581 907 1663 χρεία
928 1576 1027 1643 πολλοὶ
1050 1580 1152 1661 λέγειν
1172 1577 1229 1642 ’καί
1249 1570 1334 1643 ἅπα-

241 1685 370 1767 ριθμεῖν
382 1678 420 1744 τοὶ
437 1684 510 1743 καθ
522 1682 672 1760 ἕκαστον,
692 1679 862 1764 σφαιρικῆς
880 1669 977 1762 ούσης
997 1679 1053 1760 τῆς
1074 1679 1132 1761 γῆς
1148 1680 1205 1743 καί
1222 1678 1258 1741 ἐν
1274 1682 1333 1759 μέ-

240 1804 286 1868 ορι
308 1782 366 1844 τού
391 1779 507 1855 παντὸς
532 1780 778 1866 απῃωρημένιγς,
798 1780 888 1864 παρ’
914 1771 1022 1852 ἄλλοις
1042 1768 1143 1851 ἄλλως
1164 1775 1348 1845 ἄνατὲλλειι

240 1902 276 1944 τε
297 1877 353 1944 καὶ
372 1879 458 1944 δύνει
488 1873 630 1963 ὅῆλιος,
662 1872 836 1943 κᾶντεύθεν
855 1885 920 1952 τοῖς
938 1879 997 1958 μὲν
1017 1873 1072 1941 ἴσα
1099 1880 1185 1941 τελεῖ
1205 1878 1248 1941 τοὶ
1276 1902 1331 1941 νο·

237 1962 391 2063 χθὴμερα
412 1986 476 2053 τοῖς
498 1979 533 2042 δὲ
554 1977 648 2042 πάλιν
669 1968 773 2042 ἄνισα.
815 1973 860 2061 μὴ
882 1975 1031 2058 θαομύζε
1050 1971 1113 2058 εἴγε
1133 1972 1220 2061 παρὰ
1243 1980 1330 2060 Βρε.

237 2087 343 2152 τανοῑς
375 2071 512 2161 ἐξύοορός
547 2069 647 2142 ἐστιν
664 2075 686 2161 ἦ
706 2072 781 2157 νύξ,
805 2070 939 2157 ὅποογε
960 2077 1034 2157 παρ’
1056 2068 1194 2156 ἑτέροις,
1212 2068 1261 2151 οἷς
1280 2099 1331 2140 το-

239 2176 353 2242 σούτον
373 2171 390 2239 ὅ
412 2173 507 2252 πόλος
528 2177 652 2261 ἐξῆρται
685 2174 702 2240 ὁ
721 2172 846 2261 βόρειος
866 2165 886 2259 ἢ
908 2172 926 2236 ὅ
949 2172 1052 2249 νότιος
1074 2168 1156 2238 oi'ove
1175 2172 1257 2239 κατὰ
1278 2199 1331 2240 κο-

239 2272 347 2361 ρυφὴν
366 2271 452 2356 ἔχειν
483 2272 536 2339 τὸν
557 2271 666 2356 ἕτερόν
684 2297 719 2356 γε
754 2274 878 2348 πύκταις
900 2272 1027 2356 αὐτῶν,
1049 2272 1172 2369 τούτοις
1194 2273 1250 2337 διὰ
1272 2275 1348 2360 τῆνο

238 2376 330 2460 πέριξ
352 2377 411 2440 τού
436 2370 528 2459 ἡλίου
547 2369 744 2459 περιδρομὴν
777 2370 813 2438 τὸ
837 2370 1019 2454 οἰκούμενον
1037 2367 1122 2439 ἅπαν
1140 2373 1328 2458 ἑσκίασται,

184 2648 200 2655 α
236 2620 360 2691 proxime
390 2620 593 2688 circumagitur,
621 2628 765 2691 propterea
788 2620 864 2693 quod
883 2621 979 2691 exigua
996 2637 1058 2692 para
1077 2623 1136 2674 eius
1152 2623 1203 2675 rub
1225 2632 1326 2679 terram

239 2691 415 2761 demergatur.
456 2693 645 2744 Britannorum
673 2692 784 2761 quidem
816 2693 837 2743 ii
864 2701 1000 2762 quotquot
1029 2694 1169 2745 oculorum
1199 2699 1327 2750 acumine

236 2764 346 2828 valent,
366 2771 539 2833 pernoctem
558 2771 681 2814 accurate
695 2771 809 2816 cernunt
828 2779 859 2813 ac
878 2771 984 2815 tantum
1000 2779 1057 2814 non
1075 2765 1166 2816 omnia
1182 2767 1240 2818 ruia
1260 2784 1327 2820 ocn-

237 2833 272 2886 lia
291 2833 532 2903 comprehendunt.
561 2833 595 2885 de
616 2849 671 2903 qno
688 2833 772 2886 velim
796 2834 883 2885 diacaa
900 2833 976 2904 qnod
993 2834 1016 2885 ai
1036 2835 1078 2886 aol
1095 2836 1125 2887 in
1146 2835 1257 2890 climate
1273 2855 1327 2891 no-

238 2912 293 2957 rtro
323 2921 378 2956 non
406 2905 457 2956 aub
486 2913 557 2956 terra
584 2916 691 2956 curaum
716 2921 794 2956 arrum
824 2905 984 2974 perliceret,
1013 2904 1061 2956 aed
1090 2904 1185 2957 itidem
1211 2917 1245 2961 nt
1264 2910 1328 2963 istic

237 2976 439 3046 quamproxime
461 2975 533 3045 apud
550 2990 599 3026 nos
617 2976 883 3040 circumvolveretur,
908 2991 963 3026 nox
981 2991 1075 3045 reapse
1093 2993 1148 3028 non
1164 2993 1219 3029 nox
1237 2980 1327 3047 soret,

235 3062 288 3098 nec
305 3048 363 3097 eiua
383 3044 513 3097 tenebrae
531 3044 676 3097 admodum
691 3045 853 3116 profundae,
873 3046 921 3098 aed
941 3046 1076 3098 eiusmodi
1092 3047 1187 3118 qualer
1206 3050 1262 3103 iam
1276 3069 1327 3105 nn-

236 3123 265 3168 te
283 3116 507 3184 significavimus,
537 3117 665 3168 nimirum
695 3126 771 3168 terra
784 3133 840 3169 non
859 3116 993 3169 olliciente
1012 3118 1094 3170 radlia
1117 3119 1251 3173 solaribus
1273 3140 1327 3176 nec

236 3203 283 3238 eos
302 3187 470 3237 obstruente.
489 3202 544 3238 nox
562 3188 633 3239 enim
651 3187 728 3239 aliud
748 3187 821 3238 nihil
841 3197 897 3251 ert,
917 3188 1144 3257 quemadmodum
1162 3198 1190 3242 et
1208 3209 1325 3262 magnus

235 3258 285 3308 ille
304 3257 419 3308 Basilius
445 3258 501 3321 ait,
520 3275 601 3331 quam
628 3267 716 3310 terrae
735 3258 915 3311 obumbratio.
935 3268 1101 3329 quapropter
1120 3261 1144 3313 ai
1161 3262 1204 3314 vol
1216 3272 1326 3318 ⁴terram

187 3332 192 3338 “
233 3344 290 3380 non
309 3326 526 3381 subtercurreret
551 3328 600 3380 aed
616 3331 739 3398 proxime
768 3329 870 3382 alicubi
889 3331 1155 3400 circumagitaretur,
1174 3334 1257 3387 aienti
1278 3354 1326 3389 ιο-

232 3399 325 3521 periua
345 3396 499 3462 alebamur,
525 3399 584 3451 fieri
609 3416 781 3470 nequaquam
812 3410 905 3522 poaaet
920 3411 951 3453 nt
966 3410 1073 3453 noctem
1091 3403 1255 3473 profundam
1274 3407 1325 3460 ha-

255 3486 368 3522 eremus.
396 3479 425 3522 et
440 3486 504 3521 vero
524 3471 591 3539 quid
611 3487 678 3540 opua
706 3480 747 3524 eat
765 3488 810 3522 mu
823 3480 852 3523 ta
869 3488 1079 3525 commemorare
1097 3475 1260 3546 cingulaque
1280 3495 1325 3531 re·

233 3540 363 3593 censere?
392 3557 453 3592 cum
480 3541 591 3610 globosa
609 3542 645 3594 ait
664 3550 735 3594 terra
749 3550 778 3594 et
798 3543 828 3593 in
846 3544 966 3595 universi
983 3543 1074 3595 medio
1094 3545 1171 3613 quari
1191 3564 1323 3618 arrrpcnaa

232 3611 353 3675 baereat,
376 3612 448 3683 apud
467 3614 536 3664 alios
554 3612 633 3664 aliter
652 3613 693 3664 rol
706 3614 792 3664 oritur
812 3622 840 3665 et
856 3614 965 3665 occidit.
984 3613 1079 3665 eadem
1098 3615 1132 3667 de
1150 3633 1230 3669 causa
1250 3636 1323 3673 non-

232 3683 317 3736 nnllia
336 3684 461 3754 aequalia
485 3682 589 3735 dierum
609 3693 693 3753 atque
710 3685 831 3736 noctium
856 3685 942 3736 efficit
959 3686 1065 3753 spatia,
1081 3688 1223 3741 nonnullis
1242 3691 1322 3744 inae-

233 3754 333 3825 qualia.
353 3772 444 3825 neque
460 3756 557 3807 mirum
576 3753 627 3807 tibi
646 3755 681 3807 ait
698 3755 771 3825 apud
784 3756 926 3807 Britannos
944 3763 1051 3807 noctem
1071 3757 1108 3807 Vl
1126 3757 1256 3813 horarum
1278 3779 1321 3815 ea·

232 3841 281 3888 ιο,
299 3826 409 3894 quando
434 3827 508 3896 apud
533 3827 615 3888 elion,
640 3825 741 3895 quibua
776 3842 835 3878 eam
861 3826 896 3878 ad
917 3825 1112 3879 sublimitatem
1131 3829 1175 3881 vel
1192 3835 1321 3886 arrrtralia

231 3895 276 3947 vel
295 3897 458 3965 aquilonalia
496 3899 556 3950 olna
576 3906 617 3950 cat
640 3897 761 3950 elevatur
780 3907 812 3950 nt
827 3898 942 3950 alterum
964 3898 1074 3949 omnino
1093 3917 1173 3968 supra
1189 3905 1321 3957 verticem

172 3962 175 3971 '
232 3965 366 4030 habeant,
387 3968 459 4037 apud
476 3915 526 4021 loa
544 3985 607 4039 ergo
644 3977 735 4040 ropter
753 3970 818 4021 colia
841 3970 870 4021 in
888 3968 1017 4020 circulum
1036 3972 1239 4025 conversionem
1260 3984 1321 4029 tota

232 4038 306 4108 regio
318 4036 444 4089 tenebrae
461 4048 607 4110 perpetuas
620 3985 712 4104 babet,
730 4049 758 4093 et
768 4041 965 4092 annivemariur
982 4037 1055 4093 orbis
1074 4041 1123 4093 ille
1139 4045 1320 4100 consimiliter

232 4110 262 4162 in
281 4110 354 4161 diem
372 4118 535 4179 noctemque
552 4111 591 4164 aic
610 4109 762 4174 dividitur,
780 4119 811 4162 nt
829 4109 901 4163 diem
923 4111 1035 4181 quidem
1056 4127 1103 4164 aex
1122 4117 1257 4170 mensium
1275 4127 1319 4172 to-
