2662 4794
320 276 535 343 ιιιιιιιιοιι
564 276 667 342 raas
685 281 739 342 ιιι.
973 246 1060 360 399

60 444 230 529 Λαζάρον.
284 439 364 530 άλλη
395 449 431 511 δὲ
459 448 479 530 ἦ
511 447 597 531 παρά
632 451 688 532 τῆς
714 449 814 523 οἶκιάς
840 449 983 527 Σιμωνος
1003 448 1062 509 τοῦ

60 552 108 611 ια’·
152 544 252 629 πόρνη
273 541 409 628 δὲ.αότη
432 549 655 628 προσελθοῦσα
675 550 718 634 τῷ
739 547 889 632 Χριστῷ,
906 543 1018 621 ’καθώς
1042 542 1061 606 ὁ

60 653 147 721 iulos·
182 645 307 728 ἱστορεῖ.
361 648 417 708 κατ’
443 641 538 727 ἑτέρα
565 645 665 730 πόρνη
699 643 814 726 πάλιν,
843 641 887 722 aie
921 641 1059 728 φησινίῗ

60 749 122 824 εἰς,
145 744 408 828 ἡπροσολθοῦσσ
433 743 520 826 παρά
549 747 587 832 τῇ
608 747 690 832 οἰκίᾳ
712 747 854 825 Σίμωνος
875 747 934 807 τοῦ
956 747 1059 824 Φαρι-

73 847 161 927 ,τοῦ
182 844 237 908 καὶ
266 846 549 919 σκανδαλισθέντος
580 846 630 907 ἐπ’
659 846 748 932 αότηῖ
776 847 820 931 τῷ
846 847 978 930 Χριστῷ
1006 844 1062 905 aar*

60 970 69 1017 :
89 942 230 1018 εἰπόντος
253 945 304 1022 „si
322 941 488 1029 προφήτης
509 935 568 1026 ἦν,
587 939 666 1026 ἔγνω
687 937 727 1007 cis
750 937 844 1007 ainosis
869 946 917 1019 τίς
937 936 1060 1025 ἐστινὴ
1142 960 1144 964 “

60 1047 117 1127 ἐνη
137 1043 264 1109 αὖτοῦ.”

60 1140 138 1208 Οἶδα
158 1145 212 1222 rii,
245 1143 406 1225 α’γαπητέ,
428 1137 478 1206 ὅτι
500 1140 557 1206 κατ’
575 1139 633 1225 την
654 1141 902 1230 μεταμόρφοοσιν
922 1134 982 1207 τοῦ
1003 1165 1061 1204 su·

60 1243 155 1327 ἡμῶν
170 1240 284 1326 Ἰησοῦ
295 1244 441 1325 Χριστοῦ
461 1242 503 1326 τῇ
520 1234 641 1329 μεγάλη
660 1247 786 1327 τετράδι
808 1246 958 1326 γενέσθαι
979 1245 1063 1315 τινὲς

60 1343 205 1424 άχονται.
255 1341 338 1425 πλην
366 1339 383 1403 ό
414 1337 505 1423 λόγος
533 1335 660 1419 αὐτῶν,
693 1342 738 1416 αἱς
759 1341 865 1425 ἔμοιγε
886 1343 986 1424 δοκεῖ,
1007 1342 1063 1405 καί

75 1442 165 1506 ἐστὶν
190 1437 419 1515 ἀναπόδεικτος.
471 1441 503 1506 εἰ
532 1439 594 1524 γάρ
621 1438 657 1505 τό
704 1444 819 1523 θαῦμα
852 1443 946 1507 τοῦτο
980 1437 1158 1512 sasernis

60 1540 213 1624 ἂαβάριον
243 1535 314 1622 ὅρος
349 1541 489 1622 ἐγένετο,
524 1542 558 1604 ἐν
582 1537 819 1623 Ἱεροσολύμοις
852 1544 888 1606 δὲ
916 1539 1061 1624 ὅιιόριος

81 1665 117 1724 ys
160 1639 218 1724 τὴν
252 1640 392 1724 μεγάλην
433 1639 570 1724 τετράδα
605 1639 693 1723 παρά
729 1644 768 1727 τῇ
804 1642 887 1728 οἰκίᾳ
922 1643 1064 1720 Σίμωνος

60 1742 173 1826 λεπροῦ
195 1734 383 1821 ἑστιώμενος
406 1732 465 1823 η’ν,
495 1742 652 1825 φαίνεται,
669 1743 842 1828 προφανῶς
863 1740 907 1816 ὥς
929 1742 963 1805 ἐν
983 1733 1064 1827 άλλη

60 1863 97 1904 ιον
126 1839 229 1929 ἡμέρᾳ
245 1835 280 1904 τό
303 1841 357 1922 τῆς
383 1836 662 1924 μεταμορφώσεως
691 1843 806 1920 θαῦμα
836 1841 892 1904 καί
921 1839 960 1904 orl
981 1838 1063 1904 κατά

60 1928 193 2024 τετράδα
223 1937 348 2012 πάντως
380 1934 489 2021 αότήν.
543 1939 575 2001 εἰ
592 1936 653 2020 γάρ
683 1932 843 2019 άναμέσον
862 1940 921 2003 τοῦ
940 1961 974 2002 τε
996 1940 1065 2005 Θα-

71 2040 127 2104 καί
156 2042 219 2104 τῶν
242 2035 474 2121 Ἱεροσολύμων
504 2033 582 2100 nissi
610 2035 668 2100 δύο
704 2037 830 2121 ἡμερῶν
859 2035 995 2123 ὑπάρχει
1026 2036 1061 2103 τό

60 2166 154 2224 ιημα,
176 2142 242 2213 πῶς
262 2134 373 2215 λοιπόν
394 2138 428 2200 ἐν
448 2139 508 2221 μιᾷ
528 2136 632 2224 ἡμέρᾳ
652 2139 690 2223 τῇ
713 2139 795 2224 ου’τῇ
813 2137 957 2221 λέγουσιν
976 2133 1064 2202 ἕντο

60 2239 94 2323 ip
119 2238 293 2322 εὑρεθῆναι
324 2239 379 2298 κατ’
408 2237 443 2298 ἐν
466 2234 702 2317 Ἱεροσολύμοις
727 2235 780 2300 τόν
801 2235 959 2320 Χριστόνς
985 2235 1065 2321 ἠδό-

71 2343 130 2418 μὲν
160 2331 217 2401 σόν
246 2332 288 2410 ὥς
309 2334 383 2410 θεός
416 2325 481 2399 τάδε
509 2329 634 2399 κάκεῖσε
663 2339 731 2400 κατ’
754 2334 853 2401 αὐτόν
874 2332 1064 2421 εὑρεθῆναι,

66 2440 118 2503 ἵνα
147 2436 192 2520 μή
223 2440 386 2526 φαντασία
415 2437 580 2517 νομισθείη
611 2433 646 2498 τό
670 2438 820 2518 πρᾶγμα,
844 2437 904 2521 πρό
925 2438 982 2501 τοῦ
1003 2433 1063 2500 πά·
1131 2440 1132 2444 ’

74 2541 167 2603 τοῦτο
188 2539 317 2621 ποιῆσαι
336 2537 394 2598 οοίι
414 2526 538 2620 ἤθελεν.
565 2532 657 2600 ἐνθεν
676 2558 725 2600 τοι
746 2535 802 2601 sui
819 2533 900 2603 κατά
920 2534 976 2622 τὴν
997 2550 1092 2604 sos-B

60 2804 164 2856 smnino
184 2808 240 2853 tres
253 2799 363 2852 luerint
381 2799 475 2851 hurum
492 2814 546 2850 nna
559 2806 617 2850 erat
628 2799 677 2851 illa
694 2799 770 2852 cuius
783 2799 950 2852 mentionem
966 2800 1066 2853 lohan-

60 2879 124 2937 ecit,
143 2872 243 2925 mulier
267 2880 340 2922 certe
358 2871 497 2941 praeclara
516 2870 664 2939 Lazarique
693 2887 775 2922 soror.
795 2871 879 2922 altera
896 2887 975 2934 vero,
994 2889 1066 2941 quas

61 2956 140 2997 antea
164 2960 193 2996 sa
219 2941 421 3012 prostituisset,
447 2942 476 2992 in
501 2939 582 2992 domo
601 2941 719 2992 Simonis
746 2941 847 3010 leprosi
875 2941 909 2992 ad
931 2942 1066 2995 Christum

60 3019 106 3078 sit,
132 3023 164 3067 ut
181 3011 334 3064 Matthaeus
362 3019 462 3066 narrat.
480 3013 560 3063 tertia
576 3028 639 3064 vero
670 3012 775 3079 etipsa
792 3014 920 3064 meretrix
941 3021 1016 3075 erat,
1034 3024 1068 3067 ut

60 3088 109 3156 ¹(7
130 3086 175 3156 39)
204 3083 323 3147 iudicat,
350 3100 421 3152 quae
441 3081 575 3134 Christum
601 3082 631 3133 in
656 3081 771 3133 aedibus
793 3082 910 3134 Simonis
928 3084 1066 3136 Pharisaei

60 3159 119 3221 mit,
144 3156 241 3208 offensi
267 3171 299 3206 aa
318 3152 353 3205 ‹le
372 3170 467 3213 causa.
487 3169 632 3222 secumque
656 3153 738 3204 verba
755 3152 911 3205 huiusmodi
929 3156 1066 3225 prolocuti

60 3237 109 3280 ates
128 3227 173 3279 hie
192 3227 273 3291 iuret,
291 3225 461 3294 cognovisset
479 3239 613 3294 quaenam
625 3223 693 3275 haec
711 3226 758 3287 sit,
781 3240 853 3294 quae
872 3226 962 3296 ipsum
981 3235 1066 3279 attre-

60 3369 112 3422 icio
139 3383 266 3438 quoque,
295 3364 396 3417 dilecte
425 3363 480 3430 lili,
505 3363 636 3436 quosdam
662 3365 832 3416 contentiose
856 3362 1008 3435 disceptare
1033 3384 1066 3419 sc

62 3457 106 3492 cre
120 3438 382 3491 transformationem
398 3435 500 3488 domini
511 3437 598 3488 nostri
607 3437 668 3488 Iesu
676 3434 775 3487 Christi
788 3452 883 3503 magna
901 3437 950 3488 illa
969 3448 1066 3507 quarta

69 3513 164 3563 factam
181 3526 256 3561 esse:
275 3523 368 3558 verum
388 3523 420 3558 ea
440 3508 509 3559 ratio
536 3523 589 3576 qua
614 3508 756 3568 nituntur,
773 3507 840 3558 mihi
859 3507 969 3576 quidem
988 3508 1066 3560 side-

60 3596 209 3634 erumnose
228 3577 387 3649 probabilis.
405 3594 467 3629 nam
485 3578 508 3628 si
528 3576 682 3647 prodigium
701 3576 812 3646 quidem
830 3577 905 3630 istud
924 3578 953 3630 iu
973 3588 1066 3632 monte

61 3670 106 3706 ore
130 3651 248 3714 accidit,
278 3658 392 3701 atvero
420 3648 545 3700 dominns
573 3648 768 3714 Hierosolymis
796 3648 841 3699 die
861 3665 973 3717 magnae
990 3650 1066 3703 illius

60 3741 92 3775 ae
109 3724 193 3775 seriae
210 3722 240 3773 iu
256 3719 371 3772 Simonis
392 3718 492 3788 leprosi
510 3718 591 3770 domo
612 3721 723 3771 conviva
741 3725 814 3781 erat,
828 3721 971 3773 manifesto
989 3731 1068 3790 patet

60 3795 138 3846 :ulum
157 3793 210 3844 hoc
235 3790 480 3843 transformationis
503 3806 559 3840 non
586 3790 638 3840 ista
664 3798 760 3860 quarta
786 3789 854 3840 feria
881 3790 929 3842 sed
947 3792 1003 3843 alio
1020 3792 1068 3845 die

60 3883 98 3916 am
117 3863 269 3931 contigisse.
288 3861 335 3932 qui
356 3877 391 3930 pe
411 3878 471 3912 cum
491 3877 568 3911 mons
585 3858 698 3911 Thabor
714 3859 748 3911 ab
768 3861 963 3929 Hierosolymis
981 3865 1068 3915 inter·

80 3936 163 3987 όιιιιιιι
191 3934 296 3985 dierum
318 3880 407 3995 aisit,
426 3948 482 4001 quo
506 3931 616 3982 taudem
634 3939 714 3999 pacto
733 3930 827 3982 dicent
844 3949 898 3983 uno
915 3932 1067 4004 eodemque
1093 3972 1095 3974 ψ

60 4005 235 4063 ἶΙιιίιιοιιιει
262 4005 291 4055 in
311 4011 404 4054 monte
430 4000 557 4053 Thnbore
574 4001 678 4069 pariter
697 4007 724 4051 et
750 4002 942 4070 Hierosolymis
966 4003 1066 4058 luisse?

60 4086 89 4130 ’at
114 4077 162 4128 ille
180 4074 291 4145 quidem
323 4090 371 4124 ceu
400 4071 466 4124 deus
491 4071 599 4126 efficere
623 4079 655 4122 ut
671 4070 766 4123 eodem
791 4080 985 4140 temporetam
1005 4075 1067 4126 heic

60 4164 66 4202 ι
98 4149 155 4199 illic
180 4147 359 4216 reperiretur:
387 4160 480 4200 serum
507 4159 542 4196 ne
569 4140 600 4193 isl
628 4158 680 4214 pro
714 4158 743 4194 re
771 4141 890 4213 quadam
908 4146 1067 4216 imaginaris
