<?xml version="1.0" encoding="UTF-8"?>
<!DOCTYPE html PUBLIC "-//W3C//DTD XHTML 1.0 Transitional//EN"
    "http://www.w3.org/TR/xhtml1/DTD/xhtml1-transitional.dtd">
<html xmlns="http://www.w3.org/1999/xhtml" xml:lang="en" lang="en">
 <head>
  <title>
</title>
<meta http-equiv="Content-Type" content="text/html;charset=utf-8" />
  <meta name='ocr-system' content='tesseract 3.04.00' />
  <meta name='ocr-capabilities' content='ocr_page ocr_carea ocr_par ocr_line ocrx_word'/>
</head>
<body>
  <div class='ocr_page' id='page_1' title='image "./michaelisglycae00glycgoog/michaelisglycae00glycgoog_0276.png"; bbox 0 0 2700 4792; ppageno 0'>
   <div class='ocr_carea' id='block_1_1' title="bbox 333 272 1070 363">
    <p class='ocr_par' dir='ltr' id='par_1_1' title="bbox 333 272 1070 363">
     <span class='ocr_line' id='line_1_1' title="bbox 333 272 1070 363; baseline -0.004 -5"><span class='ocrx_word' id='word_1_1' title='bbox 333 297 544 361; x_wconf 71' lang='lat' dir='ltr'><strong>inanimis</strong></span> <span class='ocrx_word' id='word_1_2' title='bbox 572 299 674 363; x_wconf 73' lang='lat' dir='ltr'><strong>nans</strong></span> <span class='ocrx_word' id='word_1_3' title='bbox 705 303 744 363; x_wconf 88' lang='lat'><strong><em>11.</em></strong></span> <span class='ocrx_word' id='word_1_4' title='bbox 987 272 1070 357; x_wconf 82' lang='lat'><strong><em>253</em></strong></span> 
     </span>
    </p>
   </div>
   <div class='ocr_carea' id='block_1_2' title="bbox 67 445 1174 1773">
    <p class='ocr_par' dir='ltr' id='par_1_2' title="bbox 67 445 1101 1133">
     <span class='ocr_line' id='line_1_2' title="bbox 85 445 1101 537; baseline 0.007 -27"><span class='ocrx_word' id='word_1_5' title='bbox 85 445 184 525; x_wconf 83' lang='grc' dir='ltr'><strong><em>οότως</em></strong></span> <span class='ocrx_word' id='word_1_6' title='bbox 209 447 306 512; x_wconf 84' lang='grc' dir='ltr'><strong><em>αότὸν</em></strong></span> <span class='ocrx_word' id='word_1_7' title='bbox 328 449 532 529; x_wconf 73' lang='grc' dir='ltr'><strong><em>ἐπωνόμασεν</em></strong></span> <span class='ocrx_word' id='word_1_8' title='bbox 540 500 550 531; x_wconf 88' lang='grc'><em>,</em></span> <span class='ocrx_word' id='word_1_9' title='bbox 580 451 651 514; x_wconf 81' lang='grc' dir='ltr'><strong><em>ἐπεί</em></strong></span> <span class='ocrx_word' id='word_1_10' title='bbox 668 455 803 533; x_wconf 77' lang='grc' dir='ltr'><strong><em>περᾶσαι</em></strong></span> <span class='ocrx_word' id='word_1_11' title='bbox 824 451 879 517; x_wconf 89' lang='grc' dir='ltr'><strong><em>τόν</em></strong></span> <span class='ocrx_word' id='word_1_12' title='bbox 898 447 1101 537; x_wconf 69' lang='grc' dir='ltr'><strong><em>Εόηνρότηνῦ</em></strong></span> 
     </span>
     <span class='ocr_line' id='line_1_3' title="bbox 67 543 1072 637; baseline 0.003 -26"><span class='ocrx_word' id='word_1_13' title='bbox 67 554 100 611; x_wconf 89' lang='grc' dir='ltr'><strong><em>λε</em></strong></span> <span class='ocrx_word' id='word_1_14' title='bbox 127 549 257 622; x_wconf 75' lang='grc' dir='ltr'><strong><em>καίείς</em></strong></span> <span class='ocrx_word' id='word_1_15' title='bbox 288 553 510 632; x_wconf 74' lang='grc' dir='ltr'><strong><em>Παλαιστίνην</em></strong></span> <span class='ocrx_word' id='word_1_16' title='bbox 538 550 671 634; x_wconf 76' lang='grc' dir='ltr'><strong><em>οἰκῆσαι.</em></strong></span> <span class='ocrx_word' id='word_1_17' title='bbox 718 553 797 614; x_wconf 79' lang='grc' dir='ltr'><strong><em>ἑτῶν</em></strong></span> <span class='ocrx_word' id='word_1_18' title='bbox 811 555 856 616; x_wconf 67' lang='lat' dir='ltr'><strong>oc</strong></span> <span class='ocrx_word' id='word_1_19' title='bbox 879 543 916 637; x_wconf 75' lang='grc' dir='ltr'><strong><em>ἦν</em></strong></span> <span class='ocrx_word' id='word_1_20' title='bbox 936 549 1072 636; x_wconf 64' lang='grc' dir='ltr'><strong><em>ἑβδομή-</em></strong></span> 
     </span>
     <span class='ocr_line' id='line_1_4' title="bbox 67 641 1074 741; baseline 0.005 -29"><span class='ocrx_word' id='word_1_21' title='bbox 67 676 81 712; x_wconf 81' lang='grc' dir='ltr'><strong><em>ι</em></strong></span> <span class='ocrx_word' id='word_1_22' title='bbox 102 649 191 712; x_wconf 82' lang='grc' dir='ltr'><strong><em>πέντε</em></strong></span> <span class='ocrx_word' id='word_1_23' title='bbox 212 647 228 710; x_wconf 82' lang='grc' dir='ltr'><em>ὅ</em></span> <span class='ocrx_word' id='word_1_24' title='bbox 248 641 415 731; x_wconf 75' lang='grc' dir='ltr'><strong><em>Ἀβραάμ,</em></strong></span> <span class='ocrx_word' id='word_1_25' title='bbox 439 645 491 712; x_wconf 80' lang='grc' dir='ltr'><strong><em>ὅτε</em></strong></span> <span class='ocrx_word' id='word_1_26' title='bbox 513 650 570 725; x_wconf 82' lang='grc' dir='ltr'><strong><em>τός</em></strong></span> <span class='ocrx_word' id='word_1_27' title='bbox 600 648 782 732; x_wconf 72' lang='grc' dir='ltr'><strong><em>ἐπαγγελίας</em></strong></span> <span class='ocrx_word' id='word_1_28' title='bbox 806 652 942 733; x_wconf 79' lang='grc' dir='ltr'><strong><em>ε’όὲχετο.</em></strong></span> <span class='ocrx_word' id='word_1_29' title='bbox 982 657 1074 741; x_wconf 79' lang='grc' dir='ltr'><strong><em>γεννᾷ</em></strong></span> 
     </span>
     <span class='ocr_line' id='line_1_5' title="bbox 67 742 1071 832; baseline 0.009 -24"><span class='ocrx_word' id='word_1_30' title='bbox 67 744 104 811; x_wconf 80' lang='grc' dir='ltr'><strong><em>όν</em></strong></span> <span class='ocrx_word' id='word_1_31' title='bbox 131 743 261 829; x_wconf 75' lang='grc' dir='ltr'><strong><em>Ἰσμαηλ</em></strong></span> <span class='ocrx_word' id='word_1_32' title='bbox 288 750 365 811; x_wconf 76' lang='grc' dir='ltr'><strong><em>ἐτεόν</em></strong></span> <span class='ocrx_word' id='word_1_33' title='bbox 387 742 431 811; x_wconf 75' lang='grc' dir='ltr'><strong><em>όόν</em></strong></span> <span class='ocrx_word' id='word_1_34' title='bbox 450 747 510 820; x_wconf 85' lang='grc' dir='ltr'><strong><em>πς’.</em></strong></span> <span class='ocrx_word' id='word_1_35' title='bbox 566 748 657 832; x_wconf 76' lang='grc' dir='ltr'><strong><em>ἡνίκα</em></strong></span> <span class='ocrx_word' id='word_1_36' title='bbox 688 751 723 812; x_wconf 78' lang='grc' dir='ltr'><strong><em>δὲ</em></strong></span> <span class='ocrx_word' id='word_1_37' title='bbox 752 752 875 832; x_wconf 77' lang='grc' dir='ltr'><strong><em>γέγονεν</em></strong></span> <span class='ocrx_word' id='word_1_38' title='bbox 902 752 978 814; x_wconf 75' lang='grc' dir='ltr'><strong><em>ε’τοῖν</em></strong></span> <span class='ocrx_word' id='word_1_39' title='bbox 998 750 1071 832; x_wconf 68' lang='grc' dir='ltr'><strong><em>ἳθ,</em></strong></span> 
     </span>
     <span class='ocr_line' id='line_1_6' title="bbox 67 844 1072 932; baseline 0.008 -25"><span class='ocrx_word' id='word_1_40' title='bbox 67 871 88 928; x_wconf 89' lang='grc' dir='ltr'><strong><em>η</em></strong></span> <span class='ocrx_word' id='word_1_41' title='bbox 126 847 211 932; x_wconf 64' lang='lat' dir='ltr'><strong>corp</strong></span> <span class='ocrx_word' id='word_1_42' title='bbox 241 844 353 922; x_wconf 83' lang='grc' dir='ltr'><strong><em>όθεὸς</em></strong></span> <span class='ocrx_word' id='word_1_43' title='bbox 386 851 483 928; x_wconf 81' lang='grc' dir='ltr'><strong><em>λέγων</em></strong></span> <span class='ocrx_word' id='word_1_44' title='bbox 504 847 587 931; x_wconf 85' lang='grc' dir='ltr'><strong><em>,,ε’γω’</em></strong></span> <span class='ocrx_word' id='word_1_45' title='bbox 609 850 675 929; x_wconf 83' lang='grc' dir='ltr'><strong><em>εἰμι</em></strong></span> <span class='ocrx_word' id='word_1_46' title='bbox 696 847 714 911; x_wconf 84' lang='grc' dir='ltr'><strong><em>ό</em></strong></span> <span class='ocrx_word' id='word_1_47' title='bbox 737 847 837 924; x_wconf 84' lang='grc' dir='ltr'><strong><em>θεός.”</em></strong></span> <span class='ocrx_word' id='word_1_48' title='bbox 876 848 944 914; x_wconf 88' lang='grc' dir='ltr'><strong><em>τότε</em></strong></span> <span class='ocrx_word' id='word_1_49' title='bbox 964 849 1072 915; x_wconf 87' lang='grc' dir='ltr'><strong><em>λοιπόν</em></strong></span> 
     </span>
     <span class='ocr_line' id='line_1_7' title="bbox 67 943 1071 1032; baseline 0.007 -25"><span class='ocrx_word' id='word_1_50' title='bbox 67 946 209 1025; x_wconf 79' lang='grc' dir='ltr'><strong><em>τέμνεται</em></strong></span> <span class='ocrx_word' id='word_1_51' title='bbox 240 948 294 1010; x_wconf 81' lang='grc' dir='ltr'><strong><em>καί</em></strong></span> <span class='ocrx_word' id='word_1_52' title='bbox 322 944 338 1007; x_wconf 85' lang='grc' dir='ltr'><strong><em>ό</em></strong></span> <span class='ocrx_word' id='word_1_53' title='bbox 362 946 496 1027; x_wconf 83' lang='grc' dir='ltr'><strong><em>όίκαιος,</em></strong></span> <span class='ocrx_word' id='word_1_54' title='bbox 517 944 622 1010; x_wconf 85' lang='grc' dir='ltr'><strong><em>κανοόν</em></strong></span> <span class='ocrx_word' id='word_1_55' title='bbox 643 943 749 1031; x_wconf 82' lang='grc' dir='ltr'><strong><em>τόσπερ</em></strong></span> <span class='ocrx_word' id='word_1_56' title='bbox 769 957 834 1023; x_wconf 83' lang='grc' dir='ltr'><strong><em>τοῖς</em></strong></span> <span class='ocrx_word' id='word_1_57' title='bbox 853 951 928 1012; x_wconf 82' lang='grc' dir='ltr'><strong><em>πᾶσι</em></strong></span> <span class='ocrx_word' id='word_1_58' title='bbox 949 955 1071 1032; x_wconf 85' lang='grc' dir='ltr'><strong><em>προκεί-</em></strong></span> 
     </span>
     <span class='ocr_line' id='line_1_8' title="bbox 67 1039 1072 1133; baseline 0.01 -29"><span class='ocrx_word' id='word_1_59' title='bbox 67 1068 91 1118; x_wconf 84' lang='lat'><strong><em>;.</em></strong></span> <span class='ocrx_word' id='word_1_60' title='bbox 133 1039 181 1108; x_wconf 82' lang='grc' dir='ltr'><strong><em>ότι</em></strong></span> <span class='ocrx_word' id='word_1_61' title='bbox 204 1045 239 1108; x_wconf 68' lang='lat' dir='ltr'><strong><em>&lt;lt</em></strong></span> <span class='ocrx_word' id='word_1_62' title='bbox 261 1041 279 1127; x_wconf 79' lang='grc' dir='ltr'><em>ἦ</em></span> <span class='ocrx_word' id='word_1_63' title='bbox 302 1048 365 1108; x_wconf 80' lang='grc' dir='ltr'><strong><em>τῶν</em></strong></span> <span class='ocrx_word' id='word_1_64' title='bbox 397 1043 473 1109; x_wconf 80' lang='grc' dir='ltr'><strong><em>κατόν</em></strong></span> <span class='ocrx_word' id='word_1_65' title='bbox 496 1043 585 1108; x_wconf 89' lang='grc' dir='ltr'><strong><em>πόλιν</em></strong></span> <span class='ocrx_word' id='word_1_66' title='bbox 604 1047 733 1111; x_wconf 78' lang='grc' dir='ltr'><strong><em>δικαίων</em></strong></span> <span class='ocrx_word' id='word_1_67' title='bbox 757 1046 916 1132; x_wconf 75' lang='grc' dir='ltr'><strong><em>παρρησία</em></strong></span> <span class='ocrx_word' id='word_1_68' title='bbox 939 1051 995 1133; x_wconf 76' lang='grc' dir='ltr'><strong><em>τῆς</em></strong></span> <span class='ocrx_word' id='word_1_69' title='bbox 1014 1053 1072 1114; x_wconf 81' lang='grc' dir='ltr'><strong><em>τοῦ</em></strong></span> 
     </span>
    </p>

    <p class='ocr_par' dir='ltr' id='par_1_3' title="bbox 67 1141 1174 1773">
     <span class='ocr_line' id='line_1_9' title="bbox 99 1141 1069 1229; baseline 0.004 -22"><span class='ocrx_word' id='word_1_70' title='bbox 99 1147 321 1225; x_wconf 87' lang='grc' dir='ltr'><strong><em>μακροθυμίας</em></strong></span> <span class='ocrx_word' id='word_1_71' title='bbox 350 1142 495 1226; x_wconf 82' lang='grc' dir='ltr'><strong><em>πρόξενος</em></strong></span> <span class='ocrx_word' id='word_1_72' title='bbox 526 1141 601 1229; x_wconf 76' lang='grc' dir='ltr'><strong><em>ἡμῖν</em></strong></span> <span class='ocrx_word' id='word_1_73' title='bbox 631 1148 733 1226; x_wconf 77' lang='grc' dir='ltr'><strong><em>ἐστίν,</em></strong></span> <span class='ocrx_word' id='word_1_74' title='bbox 757 1150 790 1225; x_wconf 78' lang='grc' dir='ltr'><strong><em>ἐξ</em></strong></span> <span class='ocrx_word' id='word_1_75' title='bbox 811 1144 1069 1229; x_wconf 76' lang='grc' dir='ltr'><strong><em>αότῆςμόνθανε</em></strong></span> 
     </span>
     <span class='ocr_line' id='line_1_10' title="bbox 67 1241 1063 1332; baseline 0.008 -28"><span class='ocrx_word' id='word_1_76' title='bbox 67 1246 135 1325; x_wconf 85' lang='grc' dir='ltr'><strong><em>τερό</em></strong></span> <span class='ocrx_word' id='word_1_77' title='bbox 152 1243 191 1308; x_wconf 85' lang='grc' dir='ltr'><strong><em>τό</em></strong></span> <span class='ocrx_word' id='word_1_78' title='bbox 213 1241 336 1322; x_wconf 81' lang='grc' dir='ltr'><strong><em>Σόδομα</em></strong></span> <span class='ocrx_word' id='word_1_79' title='bbox 355 1241 517 1328; x_wconf 83' lang='grc' dir='ltr'><strong><em>ἱστορίας·</em></strong></span> <span class='ocrx_word' id='word_1_80' title='bbox 558 1243 636 1326; x_wconf 59' lang='grc' dir='ltr'><strong><em>»ἐόν</em></strong></span> <span class='ocrx_word' id='word_1_81' title='bbox 657 1242 829 1329; x_wconf 80' lang='grc' dir='ltr'><strong><em>ό”ε’κα”,γόρ</em></strong></span> <span class='ocrx_word' id='word_1_82' title='bbox 844 1270 922 1332; x_wconf 76' lang='grc' dir='ltr'><strong><em>φησι</em></strong></span> <span class='ocrx_word' id='word_1_83' title='bbox 940 1248 1063 1326; x_wconf 82' lang='grc' dir='ltr'><strong><em>,,όικαί-</em></strong></span> 
     </span>
     <span class='ocr_line' id='line_1_11' title="bbox 67 1337 1099 1425; baseline 0.002 -23"><span class='ocrx_word' id='word_1_84' title='bbox 67 1337 169 1424; x_wconf 78' lang='grc' dir='ltr'><strong><em>εὕρω,</em></strong></span> <span class='ocrx_word' id='word_1_85' title='bbox 189 1342 227 1403; x_wconf 73' lang='lat' dir='ltr'><strong><em>osi</em></strong></span> <span class='ocrx_word' id='word_1_86' title='bbox 252 1341 296 1425; x_wconf 78' lang='grc' dir='ltr'><strong><em>μη</em></strong></span> <span class='ocrx_word' id='word_1_87' title='bbox 315 1341 460 1407; x_wconf 78' lang='grc' dir='ltr'><strong><em>ἀπολέσω</em></strong></span> <span class='ocrx_word' id='word_1_88' title='bbox 481 1342 538 1418; x_wconf 83' lang='grc' dir='ltr'><strong><em>τὰς</em></strong></span> <span class='ocrx_word' id='word_1_89' title='bbox 559 1344 689 1418; x_wconf 86' lang='grc' dir='ltr'><strong><em>πόλεις.”</em></strong></span> <span class='ocrx_word' id='word_1_90' title='bbox 711 1343 858 1420; x_wconf 79' lang='grc' dir='ltr'><strong><em>πολλάκις</em></strong></span> <span class='ocrx_word' id='word_1_91' title='bbox 879 1348 914 1409; x_wconf 75' lang='grc' dir='ltr'><strong><em>δὲ</em></strong></span> <span class='ocrx_word' id='word_1_92' title='bbox 935 1346 989 1408; x_wconf 82' lang='grc' dir='ltr'><strong><em>καί</em></strong></span> <span class='ocrx_word' id='word_1_93' title='bbox 1008 1344 1099 1410; x_wconf 83' lang='grc' dir='ltr'><strong><em>όίόιῐ)</em></strong></span> 
     </span>
     <span class='ocr_line' id='line_1_12' title="bbox 67 1438 1065 1526; baseline 0.008 -25"><span class='ocrx_word' id='word_1_94' title='bbox 67 1445 123 1503; x_wconf 78' lang='grc' dir='ltr'><strong><em>τῶν</em></strong></span> <span class='ocrx_word' id='word_1_95' title='bbox 143 1438 402 1525; x_wconf 81' lang='grc' dir='ltr'><strong><em>τετελευτηκότων</em></strong></span> <span class='ocrx_word' id='word_1_96' title='bbox 420 1439 535 1525; x_wconf 76' lang='grc' dir='ltr'><strong><em>α’ρετην</em></strong></span> <span class='ocrx_word' id='word_1_97' title='bbox 556 1438 576 1524; x_wconf 76' lang='grc' dir='ltr'><em>ἢ</em></span> <span class='ocrx_word' id='word_1_98' title='bbox 597 1447 652 1507; x_wconf 83' lang='grc' dir='ltr'><strong><em>καί</em></strong></span> <span class='ocrx_word' id='word_1_99' title='bbox 671 1442 770 1526; x_wconf 74' lang='grc' dir='ltr'><strong><em>αότην</em></strong></span> <span class='ocrx_word' id='word_1_100' title='bbox 789 1444 846 1526; x_wconf 80' lang='grc' dir='ltr'><strong><em>την</em></strong></span> <span class='ocrx_word' id='word_1_101' title='bbox 866 1446 983 1509; x_wconf 81' lang='grc' dir='ltr'><strong><em>οἰκείαν</em></strong></span> <span class='ocrx_word' id='word_1_102' title='bbox 1002 1470 1065 1525; x_wconf 87' lang='grc' dir='ltr'><strong><em>μα-</em></strong></span> 
     </span>
     <span class='ocr_line' id='line_1_13' title="bbox 67 1537 1067 1632; baseline 0.004 -29"><span class='ocrx_word' id='word_1_103' title='bbox 67 1541 164 1620; x_wconf 88' lang='grc' dir='ltr'><strong><em>υμιάν</em></strong></span> <span class='ocrx_word' id='word_1_104' title='bbox 200 1542 327 1623; x_wconf 79' lang='grc' dir='ltr'><strong><em>κηόεται</em></strong></span> <span class='ocrx_word' id='word_1_105' title='bbox 358 1544 418 1604; x_wconf 78' lang='grc' dir='ltr'><strong><em>τῶν</em></strong></span> <span class='ocrx_word' id='word_1_106' title='bbox 449 1537 588 1626; x_wconf 76' lang='grc' dir='ltr'><strong><em>ζεόντων,</em></strong></span> <span class='ocrx_word' id='word_1_107' title='bbox 621 1541 676 1607; x_wconf 79' lang='grc' dir='ltr'><strong><em>καί</em></strong></span> <span class='ocrx_word' id='word_1_108' title='bbox 704 1545 764 1632; x_wconf 75' lang='grc' dir='ltr'><strong><em>βοᾷ</em></strong></span> <span class='ocrx_word' id='word_1_109' title='bbox 796 1547 893 1626; x_wconf 82' lang='grc' dir='ltr'><strong><em>λέγων</em></strong></span> <span class='ocrx_word' id='word_1_110' title='bbox 925 1543 1067 1625; x_wconf 81' lang='grc' dir='ltr'><strong><em>,,όπερα-</em></strong></span> 
     </span>
     <span class='ocr_line' id='line_1_14' title="bbox 67 1636 1174 1731; baseline 0.008 -30"><span class='ocrx_word' id='word_1_111' title='bbox 67 1639 146 1723; x_wconf 83' lang='grc' dir='ltr'><strong><em>’τῆς</em></strong></span> <span class='ocrx_word' id='word_1_112' title='bbox 176 1639 297 1714; x_wconf 88' lang='grc' dir='ltr'><strong><em>πόλεως</em></strong></span> <span class='ocrx_word' id='word_1_113' title='bbox 328 1638 440 1725; x_wconf 57' lang='lat' dir='ltr'><strong>aalma</strong></span> <span class='ocrx_word' id='word_1_114' title='bbox 461 1643 501 1704; x_wconf 76' lang='grc' dir='ltr'><strong><em>δι’</em></strong></span> <span class='ocrx_word' id='word_1_115' title='bbox 520 1643 577 1723; x_wconf 78' lang='grc' dir='ltr'><strong><em>ἐμὲ</em></strong></span> <span class='ocrx_word' id='word_1_116' title='bbox 605 1643 660 1707; x_wconf 83' lang='grc' dir='ltr'><strong><em>καί</em></strong></span> <span class='ocrx_word' id='word_1_117' title='bbox 687 1641 740 1707; x_wconf 80' lang='grc' dir='ltr'><strong><em>διό</em></strong></span> <span class='ocrx_word' id='word_1_118' title='bbox 765 1643 872 1724; x_wconf 69' lang='grc' dir='ltr'><strong><em>Δαβίδ</em></strong></span> <span class='ocrx_word' id='word_1_119' title='bbox 891 1642 946 1707; x_wconf 88' lang='grc' dir='ltr'><strong><em>τόν</em></strong></span> <span class='ocrx_word' id='word_1_120' title='bbox 965 1644 1065 1709; x_wconf 81' lang='grc' dir='ltr'><strong><em>παῖόοό</em></strong></span> <span class='ocrx_word' id='word_1_121' title='bbox 1157 1636 1174 1731; x_wconf 22' lang='lat'><strong><em>¹⁶</em></strong></span> 
     </span>
     <span class='ocr_line' id='line_1_15' title="bbox 67 1738 149 1773; baseline 0.037 -10"><span class='ocrx_word' id='word_1_122' title='bbox 67 1738 84 1765; x_wconf 87' lang='grc' dir='ltr'><strong><em>ιι</em></strong></span> <span class='ocrx_word' id='word_1_123' title='bbox 144 1765 149 1773; x_wconf 88' lang='grc'><em>,</em></span> 
     </span>
    </p>
   </div>
   <div class='ocr_carea' id='block_1_3' title="bbox 67 1833 1158 2621">
    <p class='ocr_par' dir='ltr' id='par_1_4' title="bbox 67 1833 1158 2621">
     <span class='ocr_line' id='line_1_16' title="bbox 72 1833 1066 1929; baseline 0.006 -28"><span class='ocrx_word' id='word_1_124' title='bbox 72 1840 150 1913; x_wconf 79' lang='grc' dir='ltr'><strong><em>Πῶς</em></strong></span> <span class='ocrx_word' id='word_1_125' title='bbox 175 1838 210 1901; x_wconf 80' lang='grc' dir='ltr'><strong><em>δὲ</em></strong></span> <span class='ocrx_word' id='word_1_126' title='bbox 231 1833 342 1911; x_wconf 88' lang='grc' dir='ltr'><strong><em>πιστός</em></strong></span> <span class='ocrx_word' id='word_1_127' title='bbox 365 1834 552 1917; x_wconf 86' lang='grc' dir='ltr'><strong><em>όνομόζεται</em></strong></span> <span class='ocrx_word' id='word_1_128' title='bbox 580 1834 597 1901; x_wconf 84' lang='grc' dir='ltr'><strong><em>ό</em></strong></span> <span class='ocrx_word' id='word_1_129' title='bbox 619 1834 763 1921; x_wconf 79' lang='grc' dir='ltr'><strong><em>Ἁβραόμ</em></strong></span> <span class='ocrx_word' id='word_1_130' title='bbox 784 1838 915 1923; x_wconf 73' lang='grc' dir='ltr'><strong><em>εἰρηκώς</em></strong></span> <span class='ocrx_word' id='word_1_131' title='bbox 938 1845 982 1928; x_wconf 78' lang='grc' dir='ltr'><strong><em>τῷ</em></strong></span> <span class='ocrx_word' id='word_1_132' title='bbox 1000 1847 1066 1929; x_wconf 78' lang='grc' dir='ltr'><strong><em>θεῷ</em></strong></span> 
     </span>
     <span class='ocr_line' id='line_1_17' title="bbox 67 1930 1065 2025; baseline 0.006 -26"><span class='ocrx_word' id='word_1_133' title='bbox 67 1934 86 1998; x_wconf 84' lang='grc' dir='ltr'><strong><em>οὶ</em></strong></span> <span class='ocrx_word' id='word_1_134' title='bbox 115 1938 151 2000; x_wconf 89' lang='grc' dir='ltr'><strong><em>τί</em></strong></span> <span class='ocrx_word' id='word_1_135' title='bbox 172 1933 334 2018; x_wconf 79' lang='grc' dir='ltr'><strong><em>γνώσομαι</em></strong></span> <span class='ocrx_word' id='word_1_136' title='bbox 367 1939 476 2017; x_wconf 77' lang='grc' dir='ltr'><strong><em>τοῦτο,</em></strong></span> <span class='ocrx_word' id='word_1_137' title='bbox 505 1930 553 1999; x_wconf 78' lang='grc' dir='ltr'><strong><em>ὅτι</em></strong></span> <span class='ocrx_word' id='word_1_138' title='bbox 589 1937 809 2020; x_wconf 74' lang='grc' dir='ltr'><strong><em>κληρονομήσω</em></strong></span> <span class='ocrx_word' id='word_1_139' title='bbox 841 1937 979 2021; x_wconf 78' lang='grc' dir='ltr'><strong><em>αότὴν;”</em></strong></span> <span class='ocrx_word' id='word_1_140' title='bbox 1009 1939 1065 2025; x_wconf 74' lang='grc' dir='ltr'><strong><em>την</em></strong></span> 
     </span>
     <span class='ocr_line' id='line_1_18' title="bbox 68 2030 1064 2122; baseline 0.009 -27"><span class='ocrx_word' id='word_1_141' title='bbox 68 2031 203 2118; x_wconf 84' lang='grc' dir='ltr'><strong><em>αιστίνην</em></strong></span> <span class='ocrx_word' id='word_1_142' title='bbox 237 2033 366 2118; x_wconf 70' lang='grc' dir='ltr'><strong><em>δηλαδή.</em></strong></span> <span class='ocrx_word' id='word_1_143' title='bbox 414 2033 449 2097; x_wconf 87' lang='grc' dir='ltr'><strong><em>τό</em></strong></span> <span class='ocrx_word' id='word_1_144' title='bbox 477 2030 557 2097; x_wconf 76' lang='grc' dir='ltr'><strong><em>κατὰ</em></strong></span> <span class='ocrx_word' id='word_1_145' title='bbox 585 2038 619 2098; x_wconf 93' lang='grc' dir='ltr'><strong><em>τί</em></strong></span> <span class='ocrx_word' id='word_1_146' title='bbox 647 2035 704 2097; x_wconf 83' lang='grc' dir='ltr'><strong><em>ονίι</em></strong></span> <span class='ocrx_word' id='word_1_147' title='bbox 736 2037 940 2112; x_wconf 83' lang='grc' dir='ltr'><strong><em>α’πιστοόντός</em></strong></span> <span class='ocrx_word' id='word_1_148' title='bbox 961 2041 1064 2122; x_wconf 77' lang='grc' dir='ltr'><strong><em>ἔστιν,</em></strong></span> 
     </span>
     <span class='ocr_line' id='line_1_19' title="bbox 67 2132 1064 2223; baseline 0.003 -26"><span class='ocrx_word' id='word_1_149' title='bbox 67 2159 69 2190; x_wconf 64' lang='grc' dir='ltr'><strong><em>ι</em></strong></span> <span class='ocrx_word' id='word_1_150' title='bbox 99 2138 215 2212; x_wconf 75' lang='grc' dir='ltr'><strong><em>μαθεῖν</em></strong></span> <span class='ocrx_word' id='word_1_151' title='bbox 243 2136 419 2209; x_wconf 80' lang='grc' dir='ltr'><strong><em>ποθοῦντος.</em></strong></span> <span class='ocrx_word' id='word_1_152' title='bbox 439 2135 495 2216; x_wconf 83' lang='grc' dir='ltr'><strong><em>τῆς</em></strong></span> <span class='ocrx_word' id='word_1_153' title='bbox 515 2137 719 2216; x_wconf 77' lang='grc' dir='ltr'><strong><em>κληρονομίας</em></strong></span> <span class='ocrx_word' id='word_1_154' title='bbox 749 2132 803 2198; x_wconf 89' lang='grc' dir='ltr'><strong><em>τόν</em></strong></span> <span class='ocrx_word' id='word_1_155' title='bbox 823 2133 946 2216; x_wconf 88' lang='grc' dir='ltr'><strong><em>τρόπον.</em></strong></span> <span class='ocrx_word' id='word_1_156' title='bbox 987 2135 1064 2223; x_wconf 78' lang='grc' dir='ltr'><strong><em>ἔθνη</em></strong></span> 
     </span>
     <span class='ocr_line' id='line_1_20' title="bbox 67 2228 1062 2322; baseline 0.005 -27"><span class='ocrx_word' id='word_1_157' title='bbox 67 2228 118 2313; x_wconf 70' lang='grc' dir='ltr'><strong><em>γάρ</em></strong></span> <span class='ocrx_word' id='word_1_158' title='bbox 142 2234 244 2315; x_wconf 88' lang='grc' dir='ltr'><strong><em>μυριά</em></strong></span> <span class='ocrx_word' id='word_1_159' title='bbox 266 2237 309 2318; x_wconf 80' lang='grc' dir='ltr'><strong><em>τῷ</em></strong></span> <span class='ocrx_word' id='word_1_160' title='bbox 329 2230 395 2296; x_wconf 86' lang='grc' dir='ltr'><strong><em>τότε</em></strong></span> <span class='ocrx_word' id='word_1_161' title='bbox 417 2229 473 2315; x_wconf 82' lang='grc' dir='ltr'><strong><em>την</em></strong></span> <span class='ocrx_word' id='word_1_162' title='bbox 492 2235 709 2318; x_wconf 91' lang='grc' dir='ltr'><strong><em>Παλαιστίνην</em></strong></span> <span class='ocrx_word' id='word_1_163' title='bbox 729 2233 896 2322; x_wconf 80' lang='grc' dir='ltr'><strong><em>ιιατρόκουν.</em></strong></span> <span class='ocrx_word' id='word_1_164' title='bbox 917 2234 972 2299; x_wconf 79' lang='grc' dir='ltr'>καί</span> <span class='ocrx_word' id='word_1_165' title='bbox 989 2235 1062 2299; x_wconf 85' lang='grc' dir='ltr'><strong><em>τοό-</em></strong></span> 
     </span>
     <span class='ocr_line' id='line_1_21' title="bbox 69 2328 1063 2422; baseline 0.005 -28"><span class='ocrx_word' id='word_1_166' title='bbox 69 2331 158 2410; x_wconf 77' lang='grc' dir='ltr'><strong><em>χάριν</em></strong></span> <span class='ocrx_word' id='word_1_167' title='bbox 179 2329 241 2416; x_wconf 81' lang='grc' dir='ltr'><strong><em>ἔφη</em></strong></span> <span class='ocrx_word' id='word_1_168' title='bbox 262 2329 278 2396; x_wconf 83' lang='grc' dir='ltr'>ὁ</span> <span class='ocrx_word' id='word_1_169' title='bbox 298 2328 373 2405; x_wconf 85' lang='grc' dir='ltr'><strong><em>θεὸς</em></strong></span> <span class='ocrx_word' id='word_1_170' title='bbox 392 2329 470 2411; x_wconf 82' lang='grc' dir='ltr'><strong><em>μετὰ</em></strong></span> <span class='ocrx_word' id='word_1_171' title='bbox 484 2328 542 2414; x_wconf 80' lang='grc' dir='ltr'><strong><em>την</em></strong></span> <span class='ocrx_word' id='word_1_172' title='bbox 564 2332 681 2396; x_wconf 87' lang='grc' dir='ltr'><strong><em>θυσίαν</em></strong></span> <span class='ocrx_word' id='word_1_173' title='bbox 700 2331 879 2415; x_wconf 74' lang='grc' dir='ltr'><strong><em>,γινώσκων</em></strong></span> <span class='ocrx_word' id='word_1_174' title='bbox 890 2336 992 2422; x_wconf 78' lang='grc' dir='ltr'><strong><em>γνώσῃ</em></strong></span> <span class='ocrx_word' id='word_1_175' title='bbox 1014 2331 1063 2401; x_wconf 86' lang='grc' dir='ltr'><strong><em>ότι</em></strong></span> 
     </span>
     <span class='ocr_line' id='line_1_22' title="bbox 67 2427 1063 2522; baseline 0.009 -32"><span class='ocrx_word' id='word_1_176' title='bbox 67 2447 135 2494; x_wconf 82' lang='grc' dir='ltr'><strong><em>νικον</em></strong></span> <span class='ocrx_word' id='word_1_177' title='bbox 167 2427 259 2495; x_wconf 81' lang='grc' dir='ltr'><strong><em>ἔσται</em></strong></span> <span class='ocrx_word' id='word_1_178' title='bbox 287 2427 321 2494; x_wconf 86' lang='grc' dir='ltr'><strong><em>τό</em></strong></span> <span class='ocrx_word' id='word_1_179' title='bbox 341 2433 467 2515; x_wconf 80' lang='grc' dir='ltr'><strong><em>σπέρμα</em></strong></span> <span class='ocrx_word' id='word_1_180' title='bbox 498 2453 556 2497; x_wconf 89' lang='grc' dir='ltr'><strong><em>σον</em></strong></span> <span class='ocrx_word' id='word_1_181' title='bbox 592 2431 625 2496; x_wconf 77' lang='grc' dir='ltr'><strong><em>ἐν</em></strong></span> <span class='ocrx_word' id='word_1_182' title='bbox 643 2433 684 2519; x_wconf 78' lang='grc' dir='ltr'><strong><em>γῇ</em></strong></span> <span class='ocrx_word' id='word_1_183' title='bbox 704 2433 760 2497; x_wconf 85' lang='grc' dir='ltr'><strong><em>οόκ</em></strong></span> <span class='ocrx_word' id='word_1_184' title='bbox 782 2435 864 2522; x_wconf 79' lang='grc' dir='ltr'><strong><em>ἰδίη,</em></strong></span> <span class='ocrx_word' id='word_1_185' title='bbox 886 2436 941 2499; x_wconf 84' lang='grc' dir='ltr'><strong><em>καί</em></strong></span> <span class='ocrx_word' id='word_1_186' title='bbox 962 2434 1063 2500; x_wconf 84' lang='grc' dir='ltr'><strong><em>κακιό-</em></strong></span> 
     </span>
     <span class='ocr_line' id='line_1_23' title="bbox 67 2526 1158 2621; baseline 0.009 -32"><span class='ocrx_word' id='word_1_187' title='bbox 67 2548 99 2591; x_wconf 76' lang='grc' dir='ltr'><strong><em>ιιν</em></strong></span> <span class='ocrx_word' id='word_1_188' title='bbox 131 2528 250 2604; x_wconf 86' lang='grc' dir='ltr'><strong><em>αότοός</em></strong></span> <span class='ocrx_word' id='word_1_189' title='bbox 285 2526 340 2612; x_wconf 77' lang='grc' dir='ltr'><strong><em>ἔτη</em></strong></span> <span class='ocrx_word' id='word_1_190' title='bbox 368 2530 413 2612; x_wconf 86' lang='lat' dir='ltr'><strong><em>o&#39;,</em></strong></span> <span class='ocrx_word' id='word_1_191' title='bbox 438 2529 571 2619; x_wconf 80' lang='grc' dir='ltr'><strong><em>τετάρτη</em></strong></span> <span class='ocrx_word' id='word_1_192' title='bbox 592 2532 628 2596; x_wconf 81' lang='grc' dir='ltr'><strong><em>δὲ</em></strong></span> <span class='ocrx_word' id='word_1_193' title='bbox 653 2534 742 2621; x_wconf 74' lang='grc' dir='ltr'><strong><em>γενεᾷ</em></strong></span> <span class='ocrx_word' id='word_1_194' title='bbox 766 2535 1097 2621; x_wconf 74' lang='grc' dir='ltr'><strong><em>όπυστραηνησονταιρ,</em></strong></span> <span class='ocrx_word' id='word_1_195' title='bbox 1112 2560 1158 2612; x_wconf 78' lang='grc'><strong><em>,35</em></strong></span> 
     </span>
    </p>
   </div>
   <div class='ocr_carea' id='block_1_4' title="bbox 66 2826 1067 4240">
    <p class='ocr_par' dir='ltr' id='par_1_5' title="bbox 66 2826 1067 3721">
     <span class='ocr_line' id='line_1_24' title="bbox 72 2826 1064 2898; baseline 0.01 -20"><span class='ocrx_word' id='word_1_196' title='bbox 72 2828 138 2894; x_wconf 74' lang='lat' dir='ltr'><strong>quocl</strong></span> <span class='ocrx_word' id='word_1_197' title='bbox 148 2826 311 2898; x_wconf 76' lang='lat' dir='ltr'><strong>Euphratem</strong></span> <span class='ocrx_word' id='word_1_198' title='bbox 336 2831 496 2882; x_wconf 74' lang='lat' dir='ltr'>traiecturus</span> <span class='ocrx_word' id='word_1_199' title='bbox 514 2847 544 2882; x_wconf 88' lang='lat' dir='ltr'><strong><em>ac</em></strong></span> <span class='ocrx_word' id='word_1_200' title='bbox 561 2832 589 2881; x_wconf 84' lang='lat' dir='ltr'><strong><em>in</em></strong></span> <span class='ocrx_word' id='word_1_201' title='bbox 608 2829 783 2882; x_wconf 79' lang='lat' dir='ltr'><strong>Palaestinam</strong></span> <span class='ocrx_word' id='word_1_202' title='bbox 807 2832 967 2898; x_wconf 76' lang='lat' dir='ltr'><strong>mIgroturus</strong></span> <span class='ocrx_word' id='word_1_203' title='bbox 987 2845 1064 2888; x_wconf 83' lang='lat' dir='ltr'><strong>esset.</strong></span> 
     </span>
     <span class='ocr_line' id='line_1_25' title="bbox 74 2899 1065 2969; baseline 0.01 -22"><span class='ocrx_word' id='word_1_204' title='bbox 74 2901 200 2968; x_wconf 82' lang='lat' dir='ltr'><strong>acciperet</strong></span> <span class='ocrx_word' id='word_1_205' title='bbox 218 2899 308 2952; x_wconf 83' lang='lat' dir='ltr'><strong>divina</strong></span> <span class='ocrx_word' id='word_1_206' title='bbox 326 2903 465 2968; x_wconf 85' lang='lat' dir='ltr'><strong>promissa,</strong></span> <span class='ocrx_word' id='word_1_207' title='bbox 482 2910 561 2953; x_wconf 85' lang='lat' dir='ltr'><strong>natus</strong></span> <span class='ocrx_word' id='word_1_208' title='bbox 582 2910 640 2953; x_wconf 83' lang='lat' dir='ltr'><strong><em>emt</em></strong></span> <span class='ocrx_word' id='word_1_209' title='bbox 657 2919 740 2953; x_wconf 86' lang='lat' dir='ltr'><strong>annos</strong></span> <span class='ocrx_word' id='word_1_210' title='bbox 758 2904 798 2969; x_wconf 76' lang='lat'><strong><em>75.</em></strong></span> <span class='ocrx_word' id='word_1_211' title='bbox 820 2902 974 2953; x_wconf 66' lang='lat' dir='ltr'><strong>‘lsmnclnm</strong></span> <span class='ocrx_word' id='word_1_212' title='bbox 994 2922 1065 2957; x_wconf 86' lang='lat' dir='ltr'><strong>anno</strong></span> 
     </span>
     <span class='ocr_line' id='line_1_26' title="bbox 67 2964 1064 3043; baseline 0.011 -25"><span class='ocrx_word' id='word_1_213' title='bbox 67 2964 88 3018; x_wconf 75' lang='lat' dir='ltr'><strong>la</strong></span> <span class='ocrx_word' id='word_1_214' title='bbox 104 2972 136 3021; x_wconf 87' lang='lat'><strong><em>86</em></strong></span> <span class='ocrx_word' id='word_1_215' title='bbox 154 2971 311 3040; x_wconf 78' lang='lat' dir='ltr'><strong>procreavit</strong></span> <span class='ocrx_word' id='word_1_216' title='bbox 329 2989 389 3023; x_wconf 91' lang='lat' dir='ltr'><strong>cum</strong></span> <span class='ocrx_word' id='word_1_217' title='bbox 409 2989 507 3022; x_wconf 83' lang='lat' dir='ltr'><strong>annum</strong></span> <span class='ocrx_word' id='word_1_218' title='bbox 525 2988 561 3037; x_wconf 82' lang='lat'><strong><em>99</em></strong></span> <span class='ocrx_word' id='word_1_219' title='bbox 581 2981 679 3039; x_wconf 81' lang='lat' dir='ltr'><strong>ageret,</strong></span> <span class='ocrx_word' id='word_1_220' title='bbox 697 2972 823 3040; x_wconf 86' lang='lat' dir='ltr'><strong>apparuit</strong></span> <span class='ocrx_word' id='word_1_221' title='bbox 840 2973 864 3023; x_wconf 90' lang='lat' dir='ltr'><strong>ci</strong></span> <span class='ocrx_word' id='word_1_222' title='bbox 882 2972 958 3043; x_wconf 77' lang='lat' dir='ltr'><strong>dens,</strong></span> <span class='ocrx_word' id='word_1_223' title='bbox 979 2976 1064 3030; x_wconf 86' lang='lat' dir='ltr'><strong>ethis</strong></span> 
     </span>
     <span class='ocr_line' id='line_1_27' title="bbox 67 3034 1066 3110; baseline 0.009 -20"><span class='ocrx_word' id='word_1_224' title='bbox 67 3034 155 3092; x_wconf 73' lang='lat' dir='ltr'><strong>lausus</strong></span> <span class='ocrx_word' id='word_1_225' title='bbox 174 3041 310 3109; x_wconf 86' lang='lat' dir='ltr'><strong>cst(Gcn.</strong></span> <span class='ocrx_word' id='word_1_226' title='bbox 334 3060 361 3109; x_wconf 81' lang='lat'><strong><em>¹7</em></strong></span> <span class='ocrx_word' id='word_1_227' title='bbox 388 3047 410 3104; x_wconf 90' lang='grc' dir='ltr'><strong><em>ι)</em></strong></span> <span class='ocrx_word' id='word_1_228' title='bbox 427 3058 494 3110; x_wconf 85' lang='lat' dir='ltr'><strong>„ogo</strong></span> <span class='ocrx_word' id='word_1_229' title='bbox 514 3060 572 3092; x_wconf 87' lang='lat' dir='ltr'><strong><em>sum</em></strong></span> <span class='ocrx_word' id='word_1_230' title='bbox 590 3042 657 3093; x_wconf 78' lang='lat' dir='ltr'><strong>cleiis</strong></span> <span class='ocrx_word' id='word_1_231' title='bbox 677 3043 725 3092; x_wconf 89' lang='lat' dir='ltr'><strong>ille</strong></span> <span class='ocrx_word' id='word_1_232' title='bbox 752 3043 837 3096; x_wconf 84' lang='lat' dir='ltr'><strong>tuus.”</strong></span> <span class='ocrx_word' id='word_1_233' title='bbox 858 3060 912 3110; x_wconf 87' lang='lat' dir='ltr'><strong><em>quo</em></strong></span> <span class='ocrx_word' id='word_1_234' title='bbox 930 3043 1001 3097; x_wconf 81' lang='lat' dir='ltr'><strong>sacto</strong></span> <span class='ocrx_word' id='word_1_235' title='bbox 1023 3047 1066 3098; x_wconf 88' lang='lat' dir='ltr'><strong><em>iu-</em></strong></span> 
     </span>
     <span class='ocr_line' id='line_1_28' title="bbox 69 3104 1067 3182; baseline 0.008 -22"><span class='ocrx_word' id='word_1_236' title='bbox 69 3104 107 3160; x_wconf 80' lang='lat' dir='ltr'><strong>hic</strong></span> <span class='ocrx_word' id='word_1_237' title='bbox 122 3112 164 3162; x_wconf 88' lang='lat' dir='ltr'><strong><em>vir</em></strong></span> <span class='ocrx_word' id='word_1_238' title='bbox 183 3121 211 3163; x_wconf 86' lang='lat' dir='ltr'><strong><em>et</em></strong></span> <span class='ocrx_word' id='word_1_239' title='bbox 228 3112 353 3163; x_wconf 87' lang='lat' dir='ltr'><strong>omnibus</strong></span> <span class='ocrx_word' id='word_1_240' title='bbox 373 3114 458 3163; x_wconf 88' lang='lat' dir='ltr'><strong>instar</strong></span> <span class='ocrx_word' id='word_1_241' title='bbox 477 3114 585 3180; x_wconf 82' lang='lat' dir='ltr'><strong>regulae</strong></span> <span class='ocrx_word' id='word_1_242' title='bbox 604 3112 739 3168; x_wconf 84' lang='lat' dir='ltr'><strong>cuiusdam</strong></span> <span class='ocrx_word' id='word_1_243' title='bbox 754 3113 907 3182; x_wconf 73' lang='lat' dir='ltr'><strong>propositus</strong></span> <span class='ocrx_word' id='word_1_244' title='bbox 926 3114 1067 3169; x_wconf 87' lang='lat' dir='ltr'><strong>circumci-</strong></span> 
     </span>
     <span class='ocr_line' id='line_1_29' title="bbox 67 3182 1066 3253; baseline 0.009 -21"><span class='ocrx_word' id='word_1_245' title='bbox 67 3195 118 3233; x_wconf 54' lang='grc' dir='ltr'><strong><em>’τεο</em></strong></span> <span class='ocrx_word' id='word_1_246' title='bbox 135 3182 266 3234; x_wconf 80' lang='lat' dir='ltr'><strong>iustorum</strong></span> <span class='ocrx_word' id='word_1_247' title='bbox 283 3182 392 3252; x_wconf 83' lang='lat' dir='ltr'><strong>quidem</strong></span> <span class='ocrx_word' id='word_1_248' title='bbox 411 3182 570 3245; x_wconf 85' lang='lat' dir='ltr'><strong>hominum,</strong></span> <span class='ocrx_word' id='word_1_249' title='bbox 590 3183 637 3252; x_wconf 87' lang='lat' dir='ltr'><strong><em>qui</em></strong></span> <span class='ocrx_word' id='word_1_250' title='bbox 657 3182 758 3235; x_wconf 87' lang='lat' dir='ltr'><strong>alicubi</strong></span> <span class='ocrx_word' id='word_1_251' title='bbox 777 3193 841 3235; x_wconf 83' lang='lat' dir='ltr'><strong>sunt</strong></span> <span class='ocrx_word' id='word_1_252' title='bbox 856 3202 906 3253; x_wconf 88' lang='lat' dir='ltr'><strong><em>per</em></strong></span> <span class='ocrx_word' id='word_1_253' title='bbox 924 3186 1012 3251; x_wconf 86' lang='lat' dir='ltr'><strong>urbes,</strong></span> <span class='ocrx_word' id='word_1_254' title='bbox 1031 3190 1066 3240; x_wconf 93' lang='lat' dir='ltr'><strong><em>li-</em></strong></span> 
     </span>
     <span class='ocr_line' id='line_1_30' title="bbox 67 3251 1066 3322; baseline 0.011 -22"><span class='ocrx_word' id='word_1_255' title='bbox 67 3255 120 3302; x_wconf 78' lang='lat' dir='ltr'><strong>item</strong></span> <span class='ocrx_word' id='word_1_256' title='bbox 145 3251 226 3304; x_wconf 89' lang='lat' dir='ltr'><strong>nobis</strong></span> <span class='ocrx_word' id='word_1_257' title='bbox 250 3252 295 3313; x_wconf 77' lang='lat' dir='ltr'><strong>clei</strong></span> <span class='ocrx_word' id='word_1_258' title='bbox 323 3254 455 3322; x_wconf 80' lang='lat' dir='ltr'><strong>prolixam</strong></span> <span class='ocrx_word' id='word_1_259' title='bbox 485 3253 719 3306; x_wconf 83' lang='lat' dir='ltr'><strong>mansuetudinem</strong></span> <span class='ocrx_word' id='word_1_260' title='bbox 745 3271 852 3322; x_wconf 85' lang='lat' dir='ltr'><strong>parere,</strong></span> <span class='ocrx_word' id='word_1_261' title='bbox 873 3255 938 3306; x_wconf 91' lang='lat' dir='ltr'><strong>licet</strong></span> <span class='ocrx_word' id='word_1_262' title='bbox 960 3274 993 3310; x_wconf 83' lang='lat' dir='ltr'><strong><em>ex</em></strong></span> <span class='ocrx_word' id='word_1_263' title='bbox 1015 3258 1066 3311; x_wconf 84' lang='lat' dir='ltr'><strong><em>hac</em></strong></span> 
     </span>
     <span class='ocr_line' id='line_1_31' title="bbox 69 3319 1065 3400; baseline 0.009 -29"><span class='ocrx_word' id='word_1_264' title='bbox 69 3319 98 3372; x_wconf 75' lang='lat' dir='ltr'><strong><em>&lt;le</em></strong></span> <span class='ocrx_word' id='word_1_265' title='bbox 113 3322 237 3375; x_wconf 86' lang='lat' dir='ltr'><strong>Sodomis</strong></span> <span class='ocrx_word' id='word_1_266' title='bbox 247 3323 360 3377; x_wconf 84' lang='lat' dir='ltr'><strong>historia</strong></span> <span class='ocrx_word' id='word_1_267' title='bbox 373 3341 524 3392; x_wconf 74' lang='lat' dir='ltr'><strong>cognoscas.</strong></span> <span class='ocrx_word' id='word_1_268' title='bbox 538 3326 559 3376; x_wconf 83' lang='lat' dir='ltr'><strong><em>ri</em></strong></span> <span class='ocrx_word' id='word_1_269' title='bbox 573 3323 674 3387; x_wconf 88' lang='lat' dir='ltr'><strong>decem,</strong></span> <span class='ocrx_word' id='word_1_270' title='bbox 693 3326 784 3394; x_wconf 86' lang='lat' dir='ltr'><strong>inquit</strong></span> <span class='ocrx_word' id='word_1_271' title='bbox 796 3324 862 3377; x_wconf 86' lang='lat' dir='ltr'><strong>deus</strong></span> <span class='ocrx_word' id='word_1_272' title='bbox 874 3325 954 3394; x_wconf 88' lang='lat' dir='ltr'>(Gen.</span> <span class='ocrx_word' id='word_1_273' title='bbox 971 3330 999 3381; x_wconf 80' lang='lat'><strong><em>18</em></strong></span> <span class='ocrx_word' id='word_1_274' title='bbox 1012 3330 1065 3400; x_wconf 78' lang='lat'><strong>32),</strong></span> 
     </span>
     <span class='ocr_line' id='line_1_32' title="bbox 66 3391 1064 3464; baseline 0.011 -25"><span class='ocrx_word' id='word_1_275' title='bbox 66 3405 75 3439; x_wconf 92' lang='grc' dir='ltr'><strong><em>ι</em></strong></span> <span class='ocrx_word' id='word_1_276' title='bbox 98 3391 221 3445; x_wconf 82' lang='lat' dir='ltr'><strong>homines</strong></span> <span class='ocrx_word' id='word_1_277' title='bbox 250 3410 389 3462; x_wconf 76' lang='lat' dir='ltr'><strong>reperero,</strong></span> <span class='ocrx_word' id='word_1_278' title='bbox 418 3394 484 3446; x_wconf 86' lang='lat' dir='ltr'><strong>haec</strong></span> <span class='ocrx_word' id='word_1_279' title='bbox 505 3393 605 3463; x_wconf 88' lang='lat' dir='ltr'><strong>oppida</strong></span> <span class='ocrx_word' id='word_1_280' title='bbox 631 3412 686 3447; x_wconf 87' lang='lat' dir='ltr'><strong><em>non</em></strong></span> <span class='ocrx_word' id='word_1_281' title='bbox 719 3405 845 3447; x_wconf 77' lang='lat' dir='ltr'><strong>evertam.</strong></span> <span class='ocrx_word' id='word_1_282' title='bbox 871 3413 1064 3464; x_wconf 75' lang='lat' dir='ltr'><strong>saepenumero</strong></span> 
     </span>
     <span class='ocr_line' id='line_1_33' title="bbox 67 3465 1065 3534; baseline 0.006 -20"><span class='ocrx_word' id='word_1_283' title='bbox 67 3476 72 3509; x_wconf 82' lang='lat' dir='ltr'><strong>l</strong></span> <span class='ocrx_word' id='word_1_284' title='bbox 96 3473 207 3533; x_wconf 83' lang='lat' dir='ltr'><strong>propter</strong></span> <span class='ocrx_word' id='word_1_285' title='bbox 231 3465 341 3515; x_wconf 88' lang='lat' dir='ltr'><strong>illorum</strong></span> <span class='ocrx_word' id='word_1_286' title='bbox 364 3467 506 3526; x_wconf 64' lang='lat' dir='ltr'><strong>virtutem,</strong></span> <span class='ocrx_word' id='word_1_287' title='bbox 533 3465 581 3534; x_wconf 91' lang='lat' dir='ltr'><strong><em>qui</em></strong></span> <span class='ocrx_word' id='word_1_288' title='bbox 608 3466 661 3516; x_wconf 87' lang='lat' dir='ltr'><strong>iam</strong></span> <span class='ocrx_word' id='word_1_289' title='bbox 686 3466 738 3517; x_wconf 85' lang='lat' dir='ltr'><strong>vita</strong></span> <span class='ocrx_word' id='word_1_290' title='bbox 768 3467 852 3518; x_wconf 85' lang='lat' dir='ltr'><strong>suncti</strong></span> <span class='ocrx_word' id='word_1_291' title='bbox 872 3473 949 3528; x_wconf 86' lang='lat' dir='ltr'><strong>sunt,</strong></span> <span class='ocrx_word' id='word_1_292' title='bbox 969 3469 1013 3519; x_wconf 84' lang='lat' dir='ltr'><strong><em>vel</em></strong></span> <span class='ocrx_word' id='word_1_293' title='bbox 1031 3485 1065 3519; x_wconf 79' lang='lat' dir='ltr'><strong><em>ex</em></strong></span> 
     </span>
     <span class='ocr_line' id='line_1_34' title="bbox 81 3535 1065 3606; baseline 0.007 -25"><span class='ocrx_word' id='word_1_294' title='bbox 81 3549 125 3584; x_wconf 86' lang='lat' dir='ltr'><strong>rua</strong></span> <span class='ocrx_word' id='word_1_295' title='bbox 153 3535 315 3600; x_wconf 47' lang='lat' dir='ltr'><strong>tolerantia,</strong></span> <span class='ocrx_word' id='word_1_296' title='bbox 326 3537 399 3587; x_wconf 85' lang='lat' dir='ltr'><strong>vivos</strong></span> <span class='ocrx_word' id='word_1_297' title='bbox 420 3554 482 3587; x_wconf 85' lang='lat' dir='ltr'><strong>cura</strong></span> <span class='ocrx_word' id='word_1_298' title='bbox 501 3553 549 3586; x_wconf 84' lang='lat' dir='ltr'><strong>sua</strong></span> <span class='ocrx_word' id='word_1_299' title='bbox 573 3537 781 3605; x_wconf 77' lang='lat' dir='ltr'><strong>complectitur,</strong></span> <span class='ocrx_word' id='word_1_300' title='bbox 799 3546 830 3587; x_wconf 82' lang='lat' dir='ltr'><strong><em>nt</em></strong></span> <span class='ocrx_word' id='word_1_301' title='bbox 847 3553 907 3586; x_wconf 88' lang='lat' dir='ltr'><strong>cum</strong></span> <span class='ocrx_word' id='word_1_302' title='bbox 925 3537 964 3587; x_wconf 85' lang='lat' dir='ltr'><strong>ait</strong></span> <span class='ocrx_word' id='word_1_303' title='bbox 982 3555 1065 3606; x_wconf 88' lang='lat' dir='ltr'><strong>„pro-</strong></span> 
     </span>
     <span class='ocr_line' id='line_1_35' title="bbox 67 3601 1065 3676; baseline 0.008 -25"><span class='ocrx_word' id='word_1_304' title='bbox 67 3601 111 3654; x_wconf 80' lang='lat' dir='ltr'><strong><em>rho</em></strong></span> <span class='ocrx_word' id='word_1_305' title='bbox 138 3605 209 3658; x_wconf 84' lang='lat' dir='ltr'><strong>hanc</strong></span> <span class='ocrx_word' id='word_1_306' title='bbox 234 3605 328 3658; x_wconf 83' lang='lat' dir='ltr'><strong>urbem</strong></span> <span class='ocrx_word' id='word_1_307' title='bbox 354 3615 465 3675; x_wconf 85' lang='lat' dir='ltr'><strong>propter</strong></span> <span class='ocrx_word' id='word_1_308' title='bbox 486 3621 528 3657; x_wconf 89' lang='lat' dir='ltr'><strong>mc</strong></span> <span class='ocrx_word' id='word_1_309' title='bbox 555 3623 586 3656; x_wconf 87' lang='lat' dir='ltr'><strong>nc</strong></span> <span class='ocrx_word' id='word_1_310' title='bbox 604 3616 716 3676; x_wconf 82' lang='lat' dir='ltr'><strong>propter</strong></span> <span class='ocrx_word' id='word_1_311' title='bbox 733 3607 885 3658; x_wconf 89' lang='lat' dir='ltr'><strong>ministrum</strong></span> <span class='ocrx_word' id='word_1_312' title='bbox 902 3622 992 3658; x_wconf 85' lang='lat' dir='ltr'><strong>meum</strong></span> <span class='ocrx_word' id='word_1_313' title='bbox 1009 3607 1065 3659; x_wconf 87' lang='lat' dir='ltr'><strong><em>Dn-</em></strong></span> 
     </span>
     <span class='ocr_line' id='line_1_36' title="bbox 67 3675 98 3721; baseline -0.032 -27"><span class='ocrx_word' id='word_1_314' title='bbox 67 3675 98 3721; x_wconf 47' lang='grc' dir='ltr'><strong><em>ιη</em></strong></span> 
     </span>
    </p>

    <p class='ocr_par' dir='ltr' id='par_1_6' title="bbox 67 3740 1064 4240">
     <span class='ocr_line' id='line_1_37' title="bbox 67 3740 1063 3814; baseline 0.005 -20"><span class='ocrx_word' id='word_1_315' title='bbox 67 3740 116 3810; x_wconf 73' lang='lat' dir='ltr'><strong><em>Quo</em></strong></span> <span class='ocrx_word' id='word_1_316' title='bbox 134 3751 224 3796; x_wconf 82' lang='lat' dir='ltr'><strong>autem</strong></span> <span class='ocrx_word' id='word_1_317' title='bbox 246 3753 324 3813; x_wconf 82' lang='lat' dir='ltr'><strong>pacto</strong></span> <span class='ocrx_word' id='word_1_318' title='bbox 349 3743 437 3796; x_wconf 78' lang='lat' dir='ltr'><strong>liclelis</strong></span> <span class='ocrx_word' id='word_1_319' title='bbox 456 3746 609 3813; x_wconf 78' lang='lat' dir='ltr'><strong>appellatur</strong></span> <span class='ocrx_word' id='word_1_320' title='bbox 634 3744 815 3808; x_wconf 82' lang='lat' dir='ltr'><strong>Abrahamus,</strong></span> <span class='ocrx_word' id='word_1_321' title='bbox 838 3745 886 3814; x_wconf 88' lang='lat' dir='ltr'><strong><em>qui</em></strong></span> <span class='ocrx_word' id='word_1_322' title='bbox 902 3754 993 3797; x_wconf 88' lang='lat' dir='ltr'><strong>tamen</strong></span> <span class='ocrx_word' id='word_1_323' title='bbox 1011 3746 1063 3799; x_wconf 89' lang='lat' dir='ltr'><strong><em>deo</em></strong></span> 
     </span>
     <span class='ocr_line' id='line_1_38' title="bbox 76 3813 1064 3886; baseline 0.004 -20"><span class='ocrx_word' id='word_1_324' title='bbox 76 3813 101 3882; x_wconf 71' lang='grc'><strong><em>(4</em></strong></span> <span class='ocrx_word' id='word_1_325' title='bbox 119 3818 181 3883; x_wconf 84' lang='lat' dir='ltr'><strong>lleg.</strong></span> <span class='ocrx_word' id='word_1_326' title='bbox 199 3815 244 3885; x_wconf 82' lang='lat' dir='ltr'><strong>ao)</strong></span> <span class='ocrx_word' id='word_1_327' title='bbox 263 3814 353 3878; x_wconf 76' lang='lat' dir='ltr'><strong>„unde</strong></span> <span class='ocrx_word' id='word_1_328' title='bbox 371 3833 527 3883; x_wconf 78' lang='lat' dir='ltr'><strong>cognoscam</strong></span> <span class='ocrx_word' id='word_1_329' title='bbox 549 3817 667 3868; x_wconf 80' lang='lat' dir='ltr'><strong>sutorum</strong></span> <span class='ocrx_word' id='word_1_330' title='bbox 688 3827 719 3868; x_wconf 87' lang='lat' dir='ltr'><strong><em>ut</em></strong></span> <span class='ocrx_word' id='word_1_331' title='bbox 735 3826 832 3868; x_wconf 87' lang='lat' dir='ltr'><strong>terram</strong></span> <span class='ocrx_word' id='word_1_332' title='bbox 853 3814 923 3866; x_wconf 87' lang='lat' dir='ltr'><strong>hanc</strong></span> <span class='ocrx_word' id='word_1_333' title='bbox 940 3818 1064 3886; x_wconf 85' lang='lat' dir='ltr'><strong>posside-</strong></span> 
     </span>
     <span class='ocr_line' id='line_1_39' title="bbox 81 3884 1064 3951; baseline 0.008 -17"><span class='ocrx_word' id='word_1_334' title='bbox 81 3887 202 3937; x_wconf 87' lang='lat' dir='ltr'><strong>nimirum</strong></span> <span class='ocrx_word' id='word_1_335' title='bbox 213 3886 397 3939; x_wconf 77' lang='lat' dir='ltr'><strong>Palaestinam.</strong></span> <span class='ocrx_word' id='word_1_336' title='bbox 417 3903 468 3937; x_wconf 82' lang='lat' dir='ltr'><strong><em>vox</em></strong></span> <span class='ocrx_word' id='word_1_337' title='bbox 487 3887 569 3938; x_wconf 84' lang='lat' dir='ltr'><strong>istaec</strong></span> <span class='ocrx_word' id='word_1_338' title='bbox 586 3887 693 3950; x_wconf 77' lang='lat' dir='ltr'><strong>„uncle”</strong></span> <span class='ocrx_word' id='word_1_339' title='bbox 714 3904 768 3938; x_wconf 89' lang='lat' dir='ltr'><strong><em>non</em></strong></span> <span class='ocrx_word' id='word_1_340' title='bbox 781 3884 930 3937; x_wconf 84' lang='lat' dir='ltr'><strong>diffidentis</strong></span> <span class='ocrx_word' id='word_1_341' title='bbox 945 3895 998 3951; x_wconf 87' lang='lat' dir='ltr'><strong>est,</strong></span> <span class='ocrx_word' id='word_1_342' title='bbox 1015 3889 1064 3942; x_wconf 86' lang='lat' dir='ltr'><strong>secl</strong></span> 
     </span>
     <span class='ocr_line' id='line_1_40' title="bbox 67 3955 1064 4024; baseline 0.01 -21"><span class='ocrx_word' id='word_1_343' title='bbox 67 3970 96 4004; x_wconf 84' lang='lat' dir='ltr'><strong><em>un</em></strong></span> <span class='ocrx_word' id='word_1_344' title='bbox 122 3973 178 4024; x_wconf 86' lang='lat' dir='ltr'><strong><em>quo</em></strong></span> <span class='ocrx_word' id='word_1_345' title='bbox 203 3957 399 4024; x_wconf 86' lang='lat' dir='ltr'><strong>possessionem</strong></span> <span class='ocrx_word' id='word_1_346' title='bbox 425 3955 546 4007; x_wconf 82' lang='lat' dir='ltr'><strong>aditurus</strong></span> <span class='ocrx_word' id='word_1_347' title='bbox 568 3965 638 4008; x_wconf 83' lang='lat' dir='ltr'><strong>essct</strong></span> <span class='ocrx_word' id='word_1_348' title='bbox 662 3973 820 4024; x_wconf 79' lang='lat' dir='ltr'><strong>cognoscere</strong></span> <span class='ocrx_word' id='word_1_349' title='bbox 838 3957 984 4024; x_wconf 85' lang='lat' dir='ltr'><strong>gestientis.</strong></span> <span class='ocrx_word' id='word_1_350' title='bbox 1002 3978 1064 4013; x_wconf 80' lang='lat' dir='ltr'><strong>narn</strong></span> 
     </span>
     <span class='ocr_line' id='line_1_41' title="bbox 67 4025 1064 4108; baseline 0.008 -34"><span class='ocrx_word' id='word_1_351' title='bbox 67 4027 161 4093; x_wconf 87' lang='lat' dir='ltr'><strong>mporis</strong></span> <span class='ocrx_word' id='word_1_352' title='bbox 179 4025 224 4077; x_wconf 83' lang='lat' dir='ltr'><strong><em>vel</em></strong></span> <span class='ocrx_word' id='word_1_353' title='bbox 241 4036 383 4078; x_wconf 78' lang='lat' dir='ltr'><strong>sexcentae</strong></span> <span class='ocrx_word' id='word_1_354' title='bbox 403 4027 527 4077; x_wconf 79' lang='lat' dir='ltr'><strong>nationes</strong></span> <span class='ocrx_word' id='word_1_355' title='bbox 542 4026 718 4078; x_wconf 79' lang='lat' dir='ltr'><strong>Palaestinam</strong></span> <span class='ocrx_word' id='word_1_356' title='bbox 737 4026 932 4079; x_wconf 81' lang='lat' dir='ltr'><strong>inhabitabant</strong></span> <span class='ocrx_word' id='word_1_357' title='bbox 953 4040 1064 4108; x_wconf 85' lang='lat' dir='ltr'><strong>propte-</strong></span> 
     </span>
     <span class='ocr_line' id='line_1_42' title="bbox 67 4096 1060 4167; baseline 0.005 -19"><span class='ocrx_word' id='word_1_358' title='bbox 67 4105 112 4148; x_wconf 69' lang='lat' dir='ltr'><strong>&gt;ost</strong></span> <span class='ocrx_word' id='word_1_359' title='bbox 130 4096 287 4148; x_wconf 87' lang='lat' dir='ltr'><strong>sacrificlum</strong></span> <span class='ocrx_word' id='word_1_360' title='bbox 306 4096 374 4149; x_wconf 85' lang='lat' dir='ltr'><strong>deus</strong></span> <span class='ocrx_word' id='word_1_361' title='bbox 395 4097 486 4166; x_wconf 86' lang='lat' dir='ltr'><strong>inquit</strong></span> <span class='ocrx_word' id='word_1_362' title='bbox 504 4098 632 4161; x_wconf 86' lang='lat' dir='ltr'><strong>„omnino</strong></span> <span class='ocrx_word' id='word_1_363' title='bbox 650 4098 718 4150; x_wconf 89' lang='lat' dir='ltr'><strong>scito</strong></span> <span class='ocrx_word' id='word_1_364' title='bbox 736 4107 856 4167; x_wconf 84' lang='lat' dir='ltr'><strong>posteros</strong></span> <span class='ocrx_word' id='word_1_365' title='bbox 876 4107 936 4163; x_wconf 80' lang='lat' dir='ltr'><strong>tuos</strong></span> <span class='ocrx_word' id='word_1_366' title='bbox 955 4099 1060 4153; x_wconf 84' lang='lat' dir='ltr'><strong>loturos</strong></span> 
     </span>
     <span class='ocr_line' id='line_1_43' title="bbox 72 4167 1063 4240; baseline 0.005 -21"><span class='ocrx_word' id='word_1_367' title='bbox 72 4169 222 4235; x_wconf 81' lang='lat' dir='ltr'><strong>peregrinos</strong></span> <span class='ocrx_word' id='word_1_368' title='bbox 248 4167 277 4219; x_wconf 90' lang='lat' dir='ltr'><strong><em>in</em></strong></span> <span class='ocrx_word' id='word_1_369' title='bbox 304 4176 374 4218; x_wconf 84' lang='lat' dir='ltr'><strong>terra</strong></span> <span class='ocrx_word' id='word_1_370' title='bbox 401 4176 600 4230; x_wconf 80' lang='lat' dir='ltr'><strong>extraneorum,</strong></span> <span class='ocrx_word' id='word_1_371' title='bbox 634 4169 680 4239; x_wconf 89' lang='lat' dir='ltr'><strong><em>qui</em></strong></span> <span class='ocrx_word' id='word_1_372' title='bbox 705 4184 751 4221; x_wconf 85' lang='lat' dir='ltr'><strong>cos</strong></span> <span class='ocrx_word' id='word_1_373' title='bbox 777 4169 855 4222; x_wconf 87' lang='lat' dir='ltr'><strong>annis</strong></span> <span class='ocrx_word' id='word_1_374' title='bbox 878 4172 928 4237; x_wconf 74' lang='grc' dir='ltr'><strong><em>4ου</em></strong></span> <span class='ocrx_word' id='word_1_375' title='bbox 949 4172 1063 4240; x_wconf 80' lang='lat' dir='ltr'><strong>graviter</strong></span> 
     </span>
    </p>
   </div>
   <div class='ocr_carea' id='block_1_5' title="bbox 0 0 1354 4792">
    <p class='ocr_par' dir='ltr' id='par_1_7' title="bbox 0 0 1354 4792">
     <span class='ocr_line' id='line_1_44' title="bbox 0 0 1354 4792; baseline 0 0"><span class='ocrx_word' id='word_1_376' title='bbox 0 0 1354 4792; x_wconf 95' lang='lat' dir='ltr'><strong><em> </em></strong></span> 
     </span>
    </p>
   </div>
  </div>
 </body>
</html>
