2692 4784
413 295 625 359 auuauun
653 293 755 358 raus
784 297 837 357 tv.
1055 264 1149 382 485,

56 438 158 521 λὴν.”
175 442 256 507 otto
276 445 331 506 arui
349 444 524 506 retentura
534 441 637 526 ἔλεγεν
652 447 751 527 μηδὲν
771 447 815 528 τῷ
826 439 978 529 Παυλίνρι
996 443 1144 520 συνιδεῖν,

58 543 96 603 εἰ
129 543 183 605 καί
210 543 381 626 φιλοτίμως
400 537 464 623 εἶχε
491 542 571 626 πρὸς
593 536 689 606 αύτύν
716 543 754 605 ού
770 537 895 623 Ιμικρούς
915 537 970 604 lire
991 539 1144 624 συνεργη-

60 663 187 719 σαντα,
218 640 308 724 ἡνίκα
334 640 522 722 Πουλχερίοι
541 642 588 729 τῷ
615 643 772 728 Θεοδοσίηι
798 644 907 704 δοῦναι
928 639 1046 723 ταύτην
1066 639 1145 722 πρὸς

63 739 189 816 λέχους
201 737 362 803 κοινωνίαν
383 736 576 822 ἐφρόντιζεν.

25 836 53 898 5
141 833 237 920 Ὅσην
257 841 292 902 δὲ
319 836 336 900 ὅ
367 835 533 913 Θεοδόσιος
560 831 650 913 οὗτος
678 841 892 921 κεκρυμμένην
920 837 1032 920 ἀρετὴν
1058 837 1189 902 ἐκέκ-ὓ·

61 959 159 1018 τητο,
181 939 275 1019 δῆλον
293 939 448 1002 ἐντεῦθεν.
490 939 628 1020 μοναχύς
646 961 693 1013 τις
712 936 767 1019 ἐτη
787 937 817 1017 μ’
834 937 1013 1011 ’δουλεύσας
1031 932 1073 1011 ὦς
1096 940 1148 1000 δεῖ

62 1036 108 1122 τῷ
136 1039 202 1120 θεῷ
222 1034 361 1118 δτιέλαβέ
380 1059 411 1098 τι
438 1038 519 1119 μέγα
545 1036 619 1119 περί
645 1031 778 1118 ἑαυτοῦ,
799 1036 855 1100 καί
872 1040 959 1119 ζητεῖ
975 1040 1091 1116 μαθεῖν
1112 1030 1146 1098 ἐν

61 1135 140 1221 ποίη
159 1132 245 1212 τάξει
265 1137 407 1218 κέκτηται
431 1135 528 1200 αύτὸν
549 1136 565 1197 o‘
586 1135 672 1216 θεός,
692 1139 747 1199 καί
765 1136 919 1217 μανθάνει
939 1130 1045 1215 ύμοιος
1064 1127 1145 1199 εἶναι

64 1232 227 1322 Θεοδοσίηι
247 1237 445 1320 τηλβασιλεῖ.
488 1229 617 1317 ἐπαίρει
637 1235 746 1300 λοιπύν
774 1235 853 1319 πρός
873 1235 992 1313 αύτύν,
1014 1233 1070 1297 καί
1086 1226 1143 1316 ’ζη-

7 1341 119 1399 soret
131 1336 246 1412 μαθεῖν
274 1332 332 1417 την
363 1332 478 1418 sigeriis
506 1335 616 1399 αύτού.
663 1313 764 1399 καίίλ
794 1332 945 1416 βασιλεύς
964 1334 1066 1396 πολλα
1085 1336 1144 1414 μὲν

62 1423 153 1516 αύτῷ
173 1428 375 1513 ἀπεκάλυψεν
404 1438 520 1518 ἕτερα,
549 1421 850 1518 οἷον-ξηροκοιτίαν,
875 1435 1062 1513 ἐνδυμενιάν
1077 1434 1145 1514 τρί·

58 1553 167 1612 χινον,
188 1525 311 1615 ἐποχήν
330 1531 493 1615 γυναικός,
515 1533 680 1616 νηστείαν,
705 1530 933 1618 ἐλεημοσύνην,
957 1534 1143 1614 δικαιοπρα-

43 1619 153 1710 ’γίαν,
174 1630 228 1692 καί
247 1625 307 1694 ύσα
324 1634 466 1697 τοιαῦτα.
507 1630 524 1695 δ
547 1635 583 1696 δέ
610 1629 750 1714 μοναχὸς
770 1628 1142 1713 οἷπαρεσκύμινοςιδῆθεν

59 1739 127 1803 τοῖς
147 1729 440 1814 ἐπαριθμηθεῖσιν,
462 1731 603 1812 ἐβιάζετο
623 1730 679 1795 τὸν
701 1734 835 1812 βασιλέα
861 1733 957 1795 εἰπεῖν
981 1733 1035 1793 καί
1053 1728 1137 1813 εἴπερ
1148 1743 1175 1795 Ρ.
1185 1744 1237 1798 τοι
1254 1804 1259 1815 ,

13 1835 90 1896 τὸτι
114 1831 219 1912 ἓτερον
245 1832 354 1910 μεῖζον
379 1831 441 1894 τῶν
469 1832 640 1913 εἰρημένων
668 1834 818 1914 κέκτηται.
859 1834 913 1891 και·
931 1826 963 1902 ’ἐς
984 1827 1087 1909 ἔλεγεν
1106 1831 1140 1892 ἐν

50 1927 164 2013 ἡμέρᾳ
189 1924 318 1992 ἱππικοῦ
349 1926 489 2012 θεάτρου
517 1933 682 2012 καθῆσθαι
701 1932 760 2007 μὲν
787 1932 820 1991 ἐν
840 1933 884 2016 τῷ
901 1927 1033 2010 συνήθει
1055 1926 1140 2016 τύπῳ

58 2027 183 2108 αύτοῦ,
205 2024 251 2110 μη
279 2028 463 2105 ἐνατενίζειν
484 2031 582 2114 δέιτηλ
600 2027 743 2115 θεύτρηι,
763 2034 987 2111 καλλιγραφεῖν
1008 2030 1044 2090 δέ
1062 2025 1141 2106 πρὸς

56 2125 202 2209 τούτοις,
224 2127 279 2189 καί
297 2122 381 2190 orire
401 2123 460 2208 την
477 2124 558 2210 ζωὴν
572 2127 671 2190 αύτού
688 2136 756 2202 ταῖς
775 2127 872 2200 ἰδίαις
889 2124 982 2207 χερσί
1002 2149 1141 2209 συγκρα-

56 2232 136 2290 ττῖν.
178 2222 299 2290 τούτων
319 2222 456 2304 ιέκούοας
477 2225 493 2289 δ
516 2223 654 2308 μοναχδς
673 2221 830 2309 τοσαύτην
849 2227 975 2303 ἐδέξατο
997 2221 1140 2308 ἔκπληξιν

57 2461 169 2535 (Latine
188 2458 380 2530 benignitatem
399 2462 509 2535 dixeris)
527 2469 618 2528 „tuam
636 2461 776 2527 Sioni,-et
791 2463 860 2513 muri
879 2459 1078 2526 Hierosolymae
1096 2461 1140 2512 in-

56 2532 238 2587 staurentur.''
267 2550 327 2584 cum
352 2543 513 2597 moreretur,
539 2534 609 2585 nihil
627 2551 656 2585 se
673 2535 725 2586 sibi
744 2532 778 2585 de
800 2533 911 2586 Paulino
927 2533 1140 2599 consciam-esse

57 2605 145 2665 dtur,
164 2602 215 2653 nisi
243 2603 317 2672 quod
335 2603 470 2655 hominem
493 2605 677 2673 magnilocerit
705 2613 734 2657 et
757 2605 786 2656 in
811 2605 900 2673 pretio
919 2602 1058 2654 habuerit
1075 2620 1139 2671 pro-

76 2685 153 2727 terea
180 2672 252 2743 quosl
278 2691 334 2726 non
359 2692 453 2743 parum
480 2674 509 2725 iel
533 2675 660 2744 temporis
689 2674 837 2726 adiumenti
863 2674 1014 2738 attulisset,
1031 2689 1091 2725 cana
1108 2689 1140 2726 ee

55 2695 200 2799 lotcheria
216 2742 372 2796 Theodosio
393 2745 467 2796 fratri
486 2744 548 2796 clare
567 2746 620 2798 tori
639 2752 791 2796 consortem
807 2743 959 2795 moliretur.

129 2816 260 2878 Ceterum,
273 2816 303 2866 ia
319 2815 371 2871 hoe
390 2815 547 2868 Theodosio
567 2824 697 2887 quantum
718 2815 827 2867 latentis
847 2823 875 2866 et
891 2814 1012 2865 occultae
1031 2812 1138 2866 virtutis

55 2884 206 2948 exstiterit,
227 2885 272 2936 vel
289 2885 353 2937 bine
371 2886 461 2955 colligi
481 2894 580 2955 potest.
599 2896 656 2939 erat
680 2885 791 2956 quidam
806 2885 943 2936 solitariae
963 2886 1033 2948 vitae
1050 2891 1139 2936 secta-

56 2967 116 3020 tor,
136 2957 183 3026 qui
201 2972 260 3007 cum
279 2954 333 3008 deo
351 2956 386 3022 40
404 2964 477 3008 totos
495 2975 579 3009 annos
597 2958 636 3010 ita
652 2957 790 3009 serviisset
806 2965 838 3008 ut
855 2955 946 3018 decet,
963 2972 1085 3023 magnam
1102 2952 1139 3005 do

54 3047 85 3081 se
104 3025 240 3096 quandam
258 3027 421 3096 opinionem·
434 3036 600 3095 conceperat.
622 3029 716 3099 itaque
728 3075 729 3081 ,
743 3044 902 3095 cognoscere
921 3025 1048 3094 cupiebat
1067 3042 1138 3094 quo·

52 3116 119 3151 naam
139 3116 167 3149 se
184 3097 243 3148 loco
262 3098 328 3149 (leus
356 3096 475 3148 baberet.
495 3099 661 3165 significatur
678 3101 702 3150 ei
721 3098 849 3149 divinitus
869 3098 1025 3165 imperatori
1046 3096 1138 3147 Theo-

54 3169 134 3220 ‹losio
145 3185 236 3236 parem
255 3185 322 3221 esse.
341 3177 504 3237 quapropter
517 3168 552 3219 nel
567 3170 754 3238 imperatorem
766 3186 794 3219 se
813 3168 926 3229 contest,
945 3168 1020 3218 illins
1036 3174 1138 3236 qrsanta

51 3241 138 3294 virtus
158 3239 228 3289 soret
248 3239 387 3307 explorare
406 3241 510 3292 nititur.
530 3239 556 3289 ei
574 3240 705 3307 permulta
723 3240 852 3308 patefacit
871 3239 907 3289 im
929 3246 1033 3301 erutor,
1061 3236 1138 3288 serbi

51 3311 138 3380 gratia
149 3308 223 3378 quod
232 3309 313 3360 aridis
322 3318 427 3361 tantum
439 3307 504 3360 cibis
515 3309 662 3377 degustatis
676 3309 788 3361 cubaret
798 3311 830 3377 *),
844 3258 927 3379 quoel
937 3325 1030 3376 aspera
1048 3316 1139 3360 utere-

50 3391 99 3434 tur
114 3380 243 3441 interula,
273 3379 347 3449 quotl
366 3380 514 3432 abstineret
537 3379 571 3430 ab
590 3380 681 3431 uxoris
699 3380 885 3449 amplexibus,
903 3379 978 3449 quael
996 3379 1138 3439 ieiunarel,

50 3450 130 3522 quod
148 3451 344 3518 benignitatem
364 3459 500 3502 exerceret
518 3450 546 3501 iu
564 3468 711 3520 pauperes,
732 3450 806 3520 quod
822 3451 943 3517 iustitiae
961 3451 1094 3515 rationem
1106 3449 1138 3508 iu

49 3520 208 3575 actionibus
232 3522 287 3571 suis
311 3520 442 3583 haberet,
465 3521 573 3589 aliaque
600 3523 673 3572 talia.
705 3539 764 3572 cum
789 3520 855 3573 haec
871 3529 1025 3572 eurimerata
1045 3536 1137 3587 patirum

48 3591 187 3646 monacho
205 3591 397 3654 satisfacerent,
415 3592 604 3661 imperatorem
623 3591 703 3643 lateri
723 3593 818 3659 coegit,
834 3610 896 3642 urim
908 3588 973 3660 quid
994 3589 1035 3639 his
1054 3590 1137 3639 asinius

48 3664 88 3716 ab
107 3664 167 3730 ipso
185 3671 372 3730 praestaretur.
394 3671 451 3713 tum
469 3664 615 3730 imperator
633 3658 765 3731 „ignibus”
785 3662 824 3713 ait
840 3661 956 3725 „diebus
975 3660 1138 3728 equestrium

48 3734 230 3787 certaminum
260 3733 413 3801 spectacula
446 3731 633 3797 eahilscntur,¹
652 3732 779 3802 equidem
805 3741 936 3783 consueto
963 3733 1023 3782 loco
1042 3729 1138 3792 sedeo,

45 3820 147 3858 verum
167 3803 258 3854 oculos
277 3803 306 3853 in
325 3803 383 3871 ipsa
401 3803 552 3884 spegtacula
570 3801 674 3853 defixos
692 3819 748 3852 non
766 3801 879 3853 babeo.”
896 3811 1035 3871 praeterea
1053 3801 1140 3851 lassus
1179 3837 1181 3841 -

45 3884 94 3928 est
116 3890 144 3924 se
159 3873 242 3924 libros
262 3873 400 3940 eleganter
422 3891 453 3924 ae
470 3871 570 3924 munde
583 3871 744 3936 describere,
764 3881 844 3940 atque
865 3873 1010 3941 luocpacto
1023 3872 1141 3923 suismet

46 3946 224 4000 laborantem
241 3943 365 3995 manibus
385 3943 465 3997 sitam
482 3944 621 3996 sustinere.
644 3941 745 4012 quibus
767 3941 867 3994 auditis
886 3950 1026 4013 tantopere
1044 3960 1139 3994 rasoriaa

124 4095 232 4163 ')quisl
259 4097 283 4147 si
302 4097 335 4148 acl
352 4101 506 4167 χαμευνίιιτ
525 4100 614 4166 potius
645 4097 806 4165 respexerit,
825 4105 872 4146 aut
890 4096 982 4148 elstram
1000 4099 1028 4150 in
1050 4113 1139 4150 assere
1195 4141 1198 4145 .

124 4176 214 4218 storea
229 4175 312 4221 matta
327 4178 374 4220 aut
394 4168 466 4222 uude
485 4170 567 4223 lamae
589 4166 708 4223 cubandi
726 4167 877 4220 rationem?
900 4168 973 4220 lasau
