2662 4794
384 289 595 356 auuauuu
624 289 726 355 raus
755 293 807 354 ιν.
1032 268 1117 371 dor

38 439 98 516 ἐμὲ
117 427 140 519 ἢ
159 436 318 501 tonstrua
343 439 471 524 βρεφῶν
500 438 789 524 καταψηφίσασθαι
812 436 985 507 θάνατον.”
1025 448 1078 532 ἐφ’
1096 471 1121 533 φ

38 538 96 599 καί
114 534 229 609 νυκτός
255 537 442 620 ἐφίστανται
466 537 555 624 arisai
574 534 604 600 oi
632 538 798 603 ἀπόστολοι
819 538 959 621 λέγοντες
981 544 1036 609 ads
1055 545 1125 611 ίπί-

40 656 160 698 σκσπον
180 638 368 718 Σιλβιστρον
395 638 537 700 καλέσαι.
580 631 796 702 aulaumaiu
816 636 833 700 ά
855 633 967 722 άγιος,
987 647 1043 709 καί
1060 649 1122 726 βα·

37 738 153 810 πείσας
184 733 283 798 adada
310 736 367 817 τῆς
398 738 515 817 λέπρας
543 737 716 817 ἐλευθεροῖ.
764 731 840 800 o‘di
870 740 970 822 μέγας
988 735 1151 826 ίατερονε

18 834 190 896 ἰτοσοάτον
208 827 289 918 άπὲρ
309 833 444 908 πίστεως
460 833 633 917 ἠγωνίσατο
653 830 697 910 ὥς
716 837 772 900 καί
792 836 894 901 πάντα
914 844 1125 928 μεταποιῆσαι

35 929 76 996 τά
99 929 215 1013 ἔθιμα,
250 929 386 1014 τετράδα
414 931 469 996 καί
494 931 696 1018 παρασκευὴν
715 932 874 1018 νηστεύειν
895 939 1123 1025 καίίιυριαιιην

35 1033 164 1113 α’ργεῖν,
197 1030 272 1106 τούς
303 1033 473 1110 Ἰουδαίους
501 1033 621 1109 οἰκέτας
646 1029 694 1117 μὴ
722 1034 890 1119 α’νιῖοθαι,
919 1039 975 1102 καί
993 1042 1123 1126 σταυρῷ

35 1133 149 1214 μηκέτι
168 1130 440 1208 καταδικάζεσθαί
460 1155 532 1198 τινα
555 1129 610 1197 διά
633 1130 667 1198 τά
690 1131 770 1216 πρὸς
784 1131 838 1200 τὸν
856 1136 960 1218 τίμιον
979 1136 1122 1220 σταυρόν

34 1232 92 1292 τοῦ
113 1232 257 1313 Χριστοῦ
277 1232 382 1313 uidua.
431 1229 509 1312 μετά
538 1234 601 1297 τάν
620 1224 726 1298 ἄλλων
754 1234 861 1300 δὲκαὶ
881 1234 940 1311 τάς
956 1236 1011 1320 τῆς
1030 1231 1122 1320 ἑβδο-

18 1329 137 1410 ιμάοος
155 1325 277 1414 ἡμέρας
296 1329 518 1413 μετονομάζει,
547 1331 610 1397 α’πό
633 1329 761 1414 Κρόνου
782 1331 839 1397 καί
850 1327 964 1421 Ἄρεος
982 1333 1038 1401 καί
1057 1337 1121 1402 τάν

33 1429 154 1494 λοιπῶν
170 1429 314 1512 α’στὲροον
339 1432 571 1513 ὀνομαζομένας
590 1429 625 1497 τά
648 1431 809 1516 πρότερον.

112 1523 159 1592 ‘H
182 1532 288 1610 μέντοι
317 1531 373 1594 τοῦ
396 1529 535 1613 μεγάλου
559 1529 695 1614 σάζυγος
718 1533 851 1603 &adora
871 1529 1012 1620 θυγάτηρ
1034 1537 1115 1602 Μα-

33 1629 192 1710 ξιμιανοιῖ,
214 1624 254 1713 ἢν
271 1629 306 1692 ἐν
324 1633 444 1718 λουτρῷ
467 1629 609 1714 πυρώδει
625 1628 684 1714 την
698 1627 808 1713 ψυχήν
821 1632 998 1718 α’πορρῆξαι
1018 1643 1144 1705 mosaic

32 1727 69 1792 τά
102 1729 139 1792 δὲ
171 1725 270 1792 αἴτιον
303 1726 493 1812 άπρόγονος
522 1723 619 1811 αάτῆς
650 1731 810 1824 Κρίσπος,
839 1727 876 1795 ὃν
899 1735 934 1796 ἐκ
955 1737 1115 1816 παλλακῆς

18 1823 128 1910 ἱίσχεν
154 1825 172 1890 o‘
202 1830 310 1910 μέγας.
361 1826 416 1892 τόν
440 1830 548 1908 μέντοι
581 1831 819 1893 ammanium
846 1825 1037 1897 Κάνοταντα
1063 1836 1118 1898 καί
1124 1853 1155 1910 v,
1170 1870 1216 1928 ¹⁹²

32 1926 255 1992 Κανστάντιον
287 1929 323 1991 ἐκ
357 1929 543 2007 Μαξιμινας
575 1924 650 2009 ἔσχε
682 1927 842 2011 θυγατρὸς
875 1931 1114 2015 Διονλητιανοῦ.

29 2027 67 2090 ἐν
87 2025 124 2089 di
143 2049 178 2109 γε
199 2028 242 2113 τῷ
264 2029 459 2114 Καπετωλίῳ
485 2023 606 2108 Ῥώμης
627 2023 662 2090 ἔν
682 2048 744 2091 τινι
774 2026 947 2094 καταδάσιι
966 2029 1116 2112 βαθμοάς

29 2124 225 2213 ἐχοάσῃτξί
256 2124 380 2210 δράκων
409 2117 447 2209 ἦν
466 2123 600 2200 πολλοὺς
627 2127 772 2207 βλάπτων
790 2129 834 2213 τῷ
859 2125 1042 2211 φυσήματι,
1064 2123 1115 2195 das

28 2228 90 2311 τῆς
110 2227 313 2299 καταδύσεως
331 2228 545 2307 παρέκυπτεν·
588 2223 626 2291 ὃν
646 2223 665 2287 ί
685 2226 784 2305 με’γας
807 2221 995 2308 Σιλβεστρος
1014 2223 1114 2291 ἔκλει-

18 2347 88 2390 ’σεν
106 2327 206 2390 ἐκεῖσε
226 2326 449 2408 παρακληθείς.
502 2320 584 2405 μετά
608 2324 644 2389 δέ
660 2344 696 2407 γι
723 2321 758 2388 τά
781 2326 896 2406 θαῦμα
916 2325 1015 2392 &saiso
1035 2320 1113 2409 ὅπερ

27 2422 87 2489 ἐπὶ
119 2424 163 2512 τῷ
191 2421 289 2511 α’γρίφ
319 2422 426 2512 ιαάρφ
460 2426 624 2507 πεποίηκεν
655 2420 900 2509 άΣλςλεστρος,
924 2423 1017 2509 ἡνίκα
1032 2422 1112 2508 μετά

103 2611 142 2677 ιλ.
160 2607 417 2679 Πρίσκοςεοιλίεει.

24 2764 184 2834 „praestat”
202 2763 295 2833 lnquit
312 2779 371 2827 „me
389 2763 442 2816 hoc
464 2763 545 2816 modo
564 2764 709 2816 excruciari
734 2779 814 2834 quam
831 2771 874 2816 tot
891 2763 1007 2817 infantes
1027 2765 1113 2821 inter·
1171 2823 1172 2827 ,

23 2835 100 2890 ssoi.''
121 2843 288 2905 quapropter
304 2843 387 2887 noctu
405 2834 458 2886 sibi
475 2835 566 2886 videre
589 2836 661 2888 visus
676 2844 718 2887 est
735 2834 871 2887 adstantes
889 2834 1043 2904 apostolos,
1063 2841 1112 2908 qui

22 2913 175 2959 monerent
202 2914 233 2956 ut
250 2905 410 2958 Silvestrum
427 2906 576 2958 antistitem
602 2913 757 2958 arcesseret
783 2907 805 2958 is
834 2921 894 2956 ciam
912 2903 1059 2975 perductus
1076 2907 1112 2961 ad

24 2976 239 3029 Constantinum
266 2984 351 3038 esset,
378 2975 556 3045 baptismum
584 2977 658 3046 lepra
682 2975 815 3028 liberavit.
834 2993 866 3027 ex
883 2992 939 3045 quo
957 2992 1023 3028 sans
1043 2986 1112 3030 tem.

23 3063 97 3132 pore
114 3063 225 3114 magnus
244 3045 289 3098 hic
305 3047 451 3115 imperator
479 3055 621 3116 tantopere
647 3046 729 3098 fidem
749 3064 797 3116 pro
819 3049 947 3116 agnavit,
977 3055 1009 3099 ut
1030 3050 1112 3103 etiarn

21 3134 86 3188 rpse
105 3117 266 3187 praestanda
284 3118 432 3185 susciperet
449 3118 540 3169 omnia
558 3119 675 3186 quaein
693 3134 766 3169 more
781 3064 940 3169 citissimis
958 3125 1000 3169 est
1017 3118 1111 3171 obser-

21 3204 97 3239 vare.
117 3205 179 3240 nam
197 3196 227 3239 et
239 3195 334 3259 quarta
351 3188 418 3238 seria
439 3194 466 3239 et
482 3189 694 3257 praeparationis
706 3187 750 3239 die
762 3187 917 3254 ieiunabat3
935 3188 1009 3239 omni
1028 3208 1043 3242 o
1064 3207 1111 3244 ere

21 3258 73 3311 die
90 3259 228 3310 dominico
245 3256 373 3323 uacabat3
391 3257 528 3328 mancipia
547 3258 639 3309 ludaei
658 3274 693 3309 ue
709 3258 837 3328 deinceps
849 3267 971 3310 emerent
987 3208 1109 3328 νεανίαις

19 3330 59 3382 ad
79 3346 185 3381 crucem
205 3330 340 3380 neminem
359 3327 475 3397 amplius
495 3327 702 3392 condemnabat,
721 3338 752 3380 ut
763 3331 906 3450 pretiosas
926 3331 998 3382 cruci
1008 3331 1109 3384 Christi

19 3400 183 3468 religiosum
201 3399 274 3450 huno
292 3398 424 3451 honoram
447 3397 576 3452 deferret.
596 3401 668 3450 inter
686 3398 739 3450 alia
783 3399 860 3451 iebus
879 3398 960 3452 stiam
981 3402 1109 3471 septima-

18 3487 92 3533 nae,
112 3472 161 3540 qui
180 3470 254 3538 prius
274 3485 290 3520 a
308 3471 443 3533 Saturno,
461 3468 562 3531 Marte,
587 3468 719 3523 sideribus
737 3470 849 3523 caeteris
868 3481 1108 3540 nuncuparentur,

18 3543 92 3593 alias
110 3541 309 3610 appellationes
327 3539 430 3592 indidit
622 3588 636 3608 Α
896 3556 903 3561 ·
941 3590 943 3601 ¹

95 3613 210 3663 Uxorem
241 3611 378 3674 Faustam,
406 3626 477 3680 quae
501 3608 660 3662 Maximiani
684 3616 741 3660 erat
756 3608 831 3671 filia,
856 3608 885 3659 in
908 3607 1007 3661 balneo
1026 3627 1107 3680 supra

18 3681 135 3738 modum
161 3681 274 3733 calfacto
298 3680 413 3732 necavit.
441 3681 499 3732 eius
520 3696 598 3730 causa
622 3680 673 3731 tuit
690 3680 803 3742 Priscus,
820 3678 933 3730 Faustae
951 3680 1106 3748 privignus,

21 3752 60 3803 ob
78 3768 210 3803 novercae
238 3752 438 3803 criminationes
461 3750 632 3815 interfectus,
679 3766 740 3801 uem
762 3749 954 3800 Constantinus
973 3765 988 3799 e
1006 3765 1106 3802 concu-

19 3822 91 3875 bina
109 3822 263 3875 sustulerat.
291 3822 363 3874 filios
382 3827 471 3872 autem
491 3821 624 3888 reliquos,
654 3767 861 3871 donsunatnum
883 3818 1057 3872 Constantem
1076 3830 1105 3875 et

18 3893 227 3955 Constantium,
260 3909 293 3944 ex
310 3891 456 3943 Maximino
475 3890 637 3942 Diocletiani
660 3891 716 3941 iilia
742 3891 869 3958 suscepit
896 3898 1031 3941 caeterum
1052 3889 1105 3944 hoc

18 3971 145 4032 temporo
167 3965 285 4014 Romano
310 3963 340 4013 in
359 3961 496 4031 Capitolio
515 3960 623 4030 quidam
641 3969 698 4012 erat
715 3959 815 4023 draco,
834 3957 944 4012 abditus
963 3962 991 4011 in
1011 3969 1104 4026 antro,

18 4035 98 4085 cuius
121 4033 265 4084 descensus
292 4032 342 4084 365
376 4030 473 4100 gradus
498 4029 626 4083 habebat.
652 4030 674 4081 is
697 4031 797 4081 multos
824 4031 950 4083 mortales
975 4031 1104 4085 laedebat

18 4103 122 4156 additu
145 4119 212 4167 suo,
231 4105 253 4155 si
272 4100 381 4172 quando
401 4110 476 4154 extra
495 4099 564 4153 illud
589 4109 693 4152 antrum
711 4109 903 4169 prospectaret.
925 4101 971 4152 sed
990 4119 1102 4169 maguus

18 4177 68 4229 iile
89 4174 219 4234 Silvaster
237 4190 297 4227 eum
316 4180 421 4242 rogatas
439 4172 542 4227 ibidem
562 4172 683 4226 occlusit.
706 4171 805 4226 deinde
822 4180 884 4245 post
901 4171 1002 4228 editum
1019 4173 1101 4228 mira-
