2766 4800
129 316 132 326 .
186 258 246 321 llll
616 255 856 320 LEUNCLthl

189 412 291 472 ralitns
310 419 374 485 est,
398 429 469 471 cnm
490 409 638 471 universis
665 410 880 472 communicat
919 411 1012 471 immo
1034 430 1097 472 non
1119 410 1180 492 ipse
1202 417 1272 470 tan.

189 521 257 572 tum
278 511 313 572 iis
341 506 526 593 expoliendis
558 518 590 570 et
614 504 652 570 ad
680 509 819 570 editionis
839 509 1048 573 maturitatem
1070 509 1272 593 perducendis

190 611 359 688 incumbit,
390 617 426 668 ut
447 608 601 691 publicam
629 608 667 670 ad
687 610 850 676 utilitatem
871 609 902 669 in
931 608 1065 673 medium
1098 610 1272 694 prodeant,

187 708 240 770 scd
271 710 363 771 etiam
391 708 455 769 aliis
477 708 625 793 pleraque
658 708 741 771 velut
771 707 959 771 extrudenda
988 711 1102 789 mittit,
1126 733 1163 770 ue
1187 704 1272 792 quod

189 798 330 870 nostrum
345 808 462 871 scilicet
477 808 672 870 commodum
688 818 881 885 remoretur,
903 809 976 870 dum
994 809 1057 892 ipse
1077 810 1272 892 gravioribus

188 909 270 970 curis
292 917 324 972 et
356 909 611 992 occupationibus
635 908 812 992 impeditus,
831 910 987 973 bonorum
1007 908 1178 988 desiderio,
1201 908 1273 970 the.

189 1009 286 1069 sauris
309 1008 399 1091 longe
432 1009 626 1091 pulcerrimis
655 1030 690 1070 ex
710 1009 838 1092 caligine
860 1008 1063 1094 quarumdam
1084 1009 1171 1093 quasi
1193 1008 1272 1069 late.

187 1107 317 1170 brarnm
351 1107 513 1186 eruendis,
542 1108 715 1172 satisfacere
745 1109 864 1192 nequit.
898 1117 990 1193 atquc
1011 1109 1101 1172 huius
1122 1131 1193 1171 sane
1213 1118 1277 1170 tam

189 1212 308 1289 sancti,
340 1217 404 1270 tam
424 1207 582 1270 laudabilis
607 1209 737 1270 instituti
759 1211 877 1270 fructus
902 1208 1102 1291 amplissimos
1121 1208 1273 1292 percipit,

193 1307 266 1370 dum
290 1305 322 1371 et
353 1332 371 1370 a
403 1308 544 1369 litteratis
562 1308 677 1392 ubique
706 1309 843 1392 gentium
863 1331 894 1370 se
917 1309 976 1370 celi
999 1318 1092 1392 atque
1112 1310 1273 1372 obsonari

187 1407 289 1485 videt,
313 1417 344 1469 et
366 1408 397 1468 in
419 1429 602 1491 magnorum
618 1409 845 1492 illustriumque
859 1409 1002 1471 virorum
1020 1409 1120 1492 gratia
1138 1408 1277 1472 suaviter

189 1508 370 1593 adquiescit.
416 1509 526 1571 Caesar
549 1507 684 1592 quidem,
708 1529 766 1570 eeu
786 1508 1000 1592 Philadelphus
1022 1509 1120 1587 alter,
1141 1509 1273 1570 alterum

191 1608 355 1692 quemdam
384 1609 578 1671 Demetrium
608 1608 792 1672 Phalereum
817 1608 1021 1672 bibliothecae
1052 1609 1216 1693 pruesecit,
1238 1629 1276 1670 ae

190 1706 333 1770 historici
353 1730 463 1770 munus
484 1709 511 1769 ei
537 1707 712 1781 mandavit3
741 1729 815 1795 quas
837 1707 876 1772 ad
891 1730 939 1780 res
954 1731 1045 1792 quern
1067 1709 1160 1770 alium
1179 1708 1275 1789 magis

189 1807 333 1870 idoneum
356 1807 522 1890 reperiret,
545 1808 689 1892 equidem
709 1831 772 1870 non
785 1808 884 1871 video.
902 1831 960 1870 nec
981 1819 1027 1870 est
1046 1829 1104 1869 cur
1129 1807 1191 1869 eius
1213 1807 1274 1866 riri

189 1908 333 1984 consilia,
354 1909 408 1991 qui
430 1908 636 1971 univcrsitatis
649 1907 809 1972 historiam
832 1930 902 1970 cum
924 1909 1079 1970 variarum
1100 1905 1278 1988 disciplina.

114 2091 119 2096 ὓ
189 2031 261 2069 rum
281 2008 407 2069 scientia
437 2017 499 2069 tam
526 2009 659 2071 feliciter
679 2010 854 2092 complexus
880 2011 921 2072 sit
942 2010 1063 2090 auimo,
1086 2007 1222 2069 maximis
1243 2008 1276 2068 in

185 2110 350 2171 momentis
374 2130 479 2170 rerum
502 2110 540 2169 ab
562 2119 688 2192 augusto
705 2110 990 2193 sapientissimeque
1013 2109 1156 2195 principe
1170 2116 1202 2170 et
1220 2130 1272 2174 rev

189 2209 273 2292 quiri
294 2209 444 2271 lubenter.
472 2217 504 2269 et
523 2227 709 2292 magnopere
729 2209 858 2291 probari
878 2209 1026 2274 dubitem.
1062 2216 1098 2269 ut
1118 2216 1220 2270 autem
1242 2209 1274 2271 id

187 2328 339 2389 exponam
370 2306 455 2391 quod
481 2307 532 2368 hie
552 2308 635 2369 locus
665 2317 698 2369 et
718 2309 857 2369 instituta
884 2306 1161 2390 oratiopostulat,
1189 2308 1273 2385 misit

188 2403 289 2467 adme
305 2429 432 2490 quoque
446 2406 613 2468 Sambucus
636 2409 846 2490 superioribus
866 2407 912 2469 his
928 2409 1011 2470 annis
1029 2408 1172 2490 proximis
1197 2407 1272 2470 cluos

187 2506 342 2583 annalium
372 2507 540 2589 scriptores
571 2508 727 2584 Graecos,
756 2507 940 2569 blichaelum
979 2509 1107 2593 Glycam
1153 2530 1271 2589 cogno-

185 2615 291 2676 mento
313 2606 450 2668 Siculum
468 2615 500 2669 et
522 2598 756 2669 Constantinum
778 2611 965 2683 Manassem;
990 2630 1126 2692 quornm
1146 2617 1272 2670 utrum.

187 2729 249 2790 que
267 2708 411 2769 Latinum
428 2708 460 2767 in
481 2729 653 2769 sermonem
674 2716 886 2770 converterem
901 2731 936 2771 ae
954 2704 1072 2792 publici
1093 2708 1167 2769 iuris
1187 2708 1278 2774 face,

187 2828 263 2870 rem.
286 2806 364 2871 solet
401 2807 482 2870 enim
504 2816 615 2890 putare
637 2815 772 2887 nostras,
804 2816 840 2869 nt
855 2829 926 2869 eum
942 2813 1033 2891 potita
1055 2808 1189 2892 loquar,
1209 2828 1272 2870 esse

187 2907 305 2992 aliquid
322 2929 435 2991 ungas,
467 2907 529 2969 hoc
548 2914 611 2985 est,
643 2929 711 2970 eam
729 2929 786 2970 nos
815 2908 935 2991 linguae
958 2912 1094 2970 Graecae
1115 2906 1270 2989 cognitio-

187 3001 259 3070 nem
282 3016 460 3070 consecutos
481 3029 543 3070 esse
565 3008 906 3091 quaetransscribendis
929 3009 959 3068 in
971 3009 1111 3069 Latinam
1130 3016 1271 3069 veterum

186 3108 309 3190 scriptis
333 3117 501 3191 utcumque
528 3130 588 3191 par
610 3108 666 3181 sit;
695 3109 726 3168 in
748 3131 811 3192 quo
834 3119 870 3170 ut
889 3109 979 3169 amici
998 3109 1125 3192 plenum
1147 3107 1272 3188 insignis

186 3227 261 3291 erga
282 3230 331 3270 me
342 3208 573 3270 benevolentiae
594 3207 741 3270 iudicium
763 3209 833 3270 satis
853 3230 996 3292 agnosco,
1022 3210 1064 3270 ita
1086 3229 1167 3269 meas
1189 3207 1270 3268 vires

187 3309 276 3370 acin
301 3317 433 3390 utraque
454 3307 558 3391 lingua
578 3307 755 3370 facultatem
776 3330 867 3371 neme
891 3330 940 3369 me
962 3308 1074 3369 rectius
1096 3305 1200 3367 metiri
1221 3305 1270 3366 vel

165 3416 289 3489 ¹potest
314 3406 362 3469 rel
382 3407 482 3470 debet
512 3409 659 3491 quoniam
691 3430 766 3470 vero
786 3431 849 3470 non
871 3430 997 3491 prorsus
1019 3408 1188 3469 reiecturus
1211 3404 1278 3465 ho-

185 3508 282 3569 mines
303 3506 441 3569 eruditos
463 3510 623 3590 sperabam
646 3508 733 3592 quod
754 3518 883 3571 auctore
897 3508 950 3569 tali
964 3508 1033 3568 viro
1055 3503 1279 3589 praestandum·

187 3608 378 3691 reciperem,
400 3609 583 3690 praesertim
600 3608 777 3671 ostendente
797 3630 857 3691 per
875 3607 977 3669 literas
999 3628 1030 3669 se
1054 3605 1272 3665 auctoritatem

187 3708 306 3769 consilii
326 3709 372 3768 sui
392 3730 550 3792 nunquam
570 3707 801 3791 delegiturum,
824 3707 884 3769 leci
912 3728 982 3768 sane
1004 3704 1091 3789 quod
1110 3703 1160 3765 ille
1181 3704 1270 3765 iube-

185 3806 256 3885 bat,
276 3816 308 3869 ct
327 3815 494 3893 utrumque
514 3811 653 3871 Romana
681 3809 805 3870 civitate
826 3807 962 3884 donavi,
994 3827 1057 3865 non
1074 3812 1110 3865 ut
1131 3805 1268 3886 impera-

187 3916 240 3968 tor
263 3907 433 3991 quispiam,
453 3908 505 3971 sed
527 3909 611 3972 velut
633 3931 710 3969 unus
729 3928 764 3970 ex
786 3907 907 3983 multis,
931 3905 984 3989 qui
1006 3905 1068 3967 eius
1092 3905 1139 3968 rei
1156 3923 1279 3963 curan.

186 4007 244 4077 dae
270 4007 449 4070 mandatum
478 4011 516 4070 ab
546 4011 735 4090 imperatore
765 4003 906 4068 haberet.
936 4027 1070 4089 eumque
1098 4004 1187 4087 prior
1206 4001 1269 4061 hoc

187 4118 330 4192 tempore
352 4109 460 4193 Glycss
480 4111 511 4170 in
530 4109 690 4193 publicum
710 4118 815 4182 exeat,
847 4107 1048 4171 Constantino
1071 4125 1143 4167 mox
1166 4102 1273 4163 subse-
