2692 4784
378 295 591 378 causamur
629 298 733 364 raas
761 299 814 366 rt.
1040 281 1125 396 497

34 450 148 534 ε’φίλει
170 447 269 529 atta,
289 447 344 511 κοί
364 453 464 514 τοῦτο
488 451 683 536 φιλοβλνενος
714 441 791 540 ὧν),
815 452 871 534 „sd
892 457 950 521 κου’
971 460 1129 538 βασιλέως

35 547 165 633 ποιήσοι
184 550 338 633 diique?
391 550 513 631 γίνεται
531 554 651 633 tuden,
674 554 731 616 καί
748 554 784 616 ἐν
806 555 892 642 ουἰρῑ
911 557 956 642 τῷ
973 561 1127 644 βασιλικῷ

38 650 219 729 καθισμιιιι
233 652 293 711 τοῦ
312 649 543 734 διοληφθένκος
557 646 644 715 οἴκου
664 649 685 736 ἧ
704 648 876 736 διάπρασις
884 652 1019 736 γέγονεν.
1041 656 1123 722 ἀλλὰ

38 750 99 812 καί
127 745 182 812 διὰ
214 747 250 814 τὸ
284 745 329 831 μὴ
357 751 558 833 βλασφημεῖν
586 748 662 826 τούς
690 751 790 816 ἐκεῖσε
818 751 990 833 κάμνοντος
1008 759 1126 837 νουμίσ

10 844 123 931 δορὸς
149 841 286 932 ἑσπέραν
314 848 443 932 datysus
478 850 521 937 aqi
547 847 698 934 χώματι,
739 854 796 916 κοί
819 847 1013 940 εὑρίσκοντες
1041 857 1123 920 edati

38 944 121 1029 μετὰ
142 951 249 1033 χοροῖς
267 941 466 1030 ὖνιεχοίρουν.

119 1046 171 1111 Ἐν
190 1044 294 1135 ἡμέρᾳ
306 1043 470 1130 σαββάτου
494 1045 575 1132 πρὸς
587 1044 622 1112 τὸ
634 1041 762 1133 ἄριστον
773 1049 916 1136 duritiae
937 1049 989 1115 aas
1008 1052 1125 1136 τοίχους

40 1142 71 1210 ei
91 1143 274 1227 κάμνοντες,
294 1144 351 1212 τόν
370 1147 430 1211 sesi
452 1147 734 1233 πρυτομοϊστόρου
754 1146 827 1216 υἱὸν
844 1152 977 1236 ιίφένιες
996 1156 1041 1228 εἰς
1060 1174 1124 1238 φυ-

39 1242 139 1329 tanqu
158 1243 216 1329 τὴν
240 1246 418 1329 ἐργαλείων.
468 1243 570 1322 adduc
599 1249 767 1334 ἐφίσταται
785 1245 934 1332 ἄγγελος,
955 1256 1152 1335 χολοῦται,η

12 1346 157 1424 anianae
177 1343 254 1428 πρὸς
276 1344 413 1420 ἐκείνους
438 1341 554 1412 αὐτόν·
594 1343 665 1411 ὁδ’
693 1341 731 1410 οὗ
753 1350 910 1413 ueritates.
950 1344 1124 1430 ὄμνυσινδ

39 1434 168 1527 ἅγγελος
187 1441 255 1525 „aad
274 1443 333 1528 τήν
353 1439 447 1528 οἷγίον
465 1447 584 1533 σοφίσν
596 1443 720 1530 εῆννῦν
740 1449 932 1533 κτιζομένην,
951 1444 1020 1534 ἥτις
1038 1450 1124 1517 ἐστίν

40 1541 169 1626 ὀλίγος
188 1544 248 1608 τοῦ
268 1547 349 1607 θεοῦ
355 1593 364 1625 ,
386 1544 445 1607 ουκ
473 1546 654 1631 σ’φίσνσμοι
676 1548 741 1611 rain
762 1538 847 1629 dria,
867 1551 898 1613 εί
916 1546 962 1632 μὴ
984 1547 1124 1633 λαλὴσσς
1150 1615 1153 1630 ,

38 1643 177 1719 ἐκείνους
203 1637 447 1730 dampierre?
498 1641 652 1728 purpurissus
669 1645 772 1709 κου’τοι
792 1647 838 1733 aqi
854 1650 992 1728 βασιλεῖ.
1034 1650 1123 1712 asdi-

39 1747 126 1805 λεευι
156 1744 301 1824 attexat
332 1741 348 1806 o‘
377 1746 441 1807 saia
468 1744 638 1828 ἐργαλείων
670 1743 776 1830 φύλαξ
805 1743 905 1830 χάριν
926 1751 984 1811 τοῦ
1002 1745 1047 1834 μὴ
1069 1747 1124 1815 τὸν

15 1844 129 1909 testor
144 1844 267 1907 termo
289 1844 496 1928 ἀναχωρῆσαι
516 1837 656 1926 ἄγγελον.
707 1850 762 1910 καί
780 1839 878 1921 αὖθις
898 1844 974 1930 περί
992 1844 1030 1912 ui
1051 1848 1124 1930 είλη

36 1944 93 2007 κοῦ
122 1940 309 2022 κτίσματος,
341 1941 544 2023 ἀθυμοῦντος
568 1945 624 2006 τοῦ
645 1945 800 2025 βασιλέως
832 1947 970 2027 χρυσίου
1000 1948 1125 2025 ἕνεκεν,

35 2040 211 2125 ἕφιστοεαί
228 2063 277 2117 εις
297 2040 451 2124 ιιῖνοῦχος
469 2045 567 2126 λέγων
585 2043 671 2128 adacti
689 2030 766 2124 „ide
778 2066 834 2122 μοι
853 2043 1051 2127 ἀνθρώπους,
1071 2050 1127 2112 καί

36 2142 165 2221 παρέξοι
193 2163 244 2203 σοι
273 2145 407 2226 χρυσίον
433 2138 574 2206 ἱκονόν.”
623 2145 678 2206 καί
698 2140 715 2204 d
737 2145 797 2222 μὲν
814 2136 1006 2223 ἀπέρχεται,
1033 2141 1064 2207 οἱ
1087 2146 1124 2208 δὲ

35 2237 275 2304 ἀκολουθοῦσιν.
329 2235 445 2325 ὁρῶσιν
467 2239 622 2325 οἰκήματα
652 2244 804 2324 λαμπρά,
826 2245 961 2326 χρυσίον
979 2245 1030 2306 ἐπ’
1049 2240 1150 2309 tta-c

0 2372 20 2395 ··
35 2359 99 2424 φος
120 2336 214 2404 sous.
236 2339 450 2422 λαμβάνουσιν
470 2339 549 2408 einai
568 2341 754 2428 κενκηνὰριοι
769 2340 811 2424 κ’,
833 2344 889 2407 κοί
905 2342 1125 2430 ὑποσιρίφου·

109 2540 152 2578 ao.
173 2524 214 2598 κ’]
234 2524 283 2598 ρρ”
302 2525 348 2578 alil
362 2525 480 2594 codices.

34 2697 187 2767 gabantnr,
204 2714 264 2749 cum
282 2691 445 2750 Antiochum
464 2699 493 2751 in
512 2698 662 2751 custodiam
684 2695 743 2749 dari
761 2697 901 2768 praecipit
924 2702 982 2749 tuns
1002 2696 1050 2747 ille
1069 2697 1123 2747 cla-

32 2784 128 2830 mare,
147 2768 169 2820 si
188 2777 308 2837 potestas
328 2769 468 2838 spectandi
493 2769 573 2822 ludos
590 2778 730 2840 equestres
752 2768 804 2820 sibi
826 2768 920 2829 lieret,
941 2768 1077 2819 voluntati
1094 2784 1124 2818 ss

31 2840 207 2908 imperatoris
226 2839 492 2909 obtemperaturum:
513 2858 573 2892 nam
591 2841 625 2892 iis
638 2840 751 2891 mirifice
772 2837 968 2900 oblectabatur,
986 2845 1014 2888 et
1033 2838 1124 2889 Vene-

31 2920 125 2963 torum
145 2911 309 2978 praesertim
320 2910 440 2980 partibus
457 2910 657 2964 addictissimus
674 2918 739 2962 erat
759 2909 885 2978 impetrat
903 2924 966 2973 ergo
984 2906 1057 2978 quod
1074 2925 1124 2958 vo-

33 2981 129 3041 lebat,
146 2987 175 3031 et
194 2981 229 3032 ad
255 2982 341 3051 iprum
364 2982 432 3033 adeo
450 2983 538 3032 locum
561 2982 646 3034 sellae
668 2980 859 3051 imperatoriae
885 2975 979 3029 domus
1001 2977 1124 3030 indicata

32 3051 171 3102 venditur.
190 3053 273 3104 stiam
302 3052 378 3103 aliud
400 3053 529 3121 quiddam
555 3053 721 3105 lastinianus
758 3048 935 3117 excogitabat.
967 3049 1068 3100 etenim
1092 3058 1123 3102 ut

32 3121 163 3190 operarii,
179 3123 227 3192 qni
244 3121 407 3175 laborabant
423 3125 452 3174 ln
466 3124 646 3175 construendo
659 3123 769 3192 templo,
787 3123 853 3174 citra
872 3120 997 3191 querelas
1011 3127 1039 3170 st
1056 3136 1122 3170 con-

31 3193 103 3242 uicia
124 3192 243 3245 lacerent
259 3193 385 3257 officium,
402 3195 527 3246 numulos
549 3194 681 3264 quosdam
699 3209 811 3264 vespere
823 3189 965 3262 spargebat
985 3190 1014 3242 in
1033 3190 1120 3255 fossis,

32 3262 136 3333 quibus
157 3263 200 3315 iili
219 3266 332 3332 repertis
352 3263 450 3316 hilares
468 3264 652 3317 discedebant

106 3332 213 3386 Accidit
230 3333 377 3405 aliquando
389 3343 422 3387 ut
437 3334 482 3388 dis
499 3336 605 3388 sabbati
623 3335 657 3386 ad
675 3334 816 3404 prandiam
835 3331 914 3384 citius
931 3331 1046 3399 operarii
1065 3328 1121 3381 dis-

31 3402 182 3467 cederent,
206 3407 407 3474 protomaistorl
435 3407 493 3457 lilio
510 3406 544 3457 ad
569 3409 808 3458 instrumentorum
836 3399 984 3455 custodiam
1015 3401 1118 3452 relicto.

30 3492 97 3525 mox
116 3475 228 3541 angelus
246 3477 364 3540 accedit,
395 3485 424 3528 et
439 3475 660 3543 indignabundus
685 3476 822 3528 hominem
840 3474 874 3526 ad
892 3471 1028 3541 operarios
1045 3471 1119 3522 abire

29 3545 122 3599 iubet.
145 3564 177 3596 eo
205 3562 260 3598 non
285 3547 490 3617 obtemperante
511 3547 696 3599 iusiurandum
719 3547 810 3598 verbis
829 3542 983 3596 huiusmodi
1002 3543 1121 3610 concipit

29 3631 101 3685 „per
118 3625 312 3669 sacrosanctam
333 3618 392 3668 iuro
415 3619 582 3687 sapientiam,
602 3635 673 3687 quae
689 3634 761 3670 nunc
778 3617 919 3676 extntitur,
937 3612 982 3664 dei
994 3612 1120 3664 nimirum

29 3702 204 3750 sermonem,
231 3686 295 3741 binc
320 3706 363 3740 me
379 3690 453 3758 prius
478 3706 533 3742 non
560 3687 738 3740 discessurum
760 3703 842 3758 quam
869 3695 899 3739 tu
917 3700 963 3734 eos
984 3683 1119 3734 allocutus

28 3757 87 3809 bue
106 3757 242 3810 redieris.''
259 3775 329 3829 quae
347 3777 407 3810 cum
426 3761 577 3811 renuntiata
596 3759 750 3828 imperatori
779 3764 885 3818 essent,
907 3755 962 3804 alio
980 3752 1120 3805 custodem

28 3829 270 3880 instrumentorum
296 3830 445 3899 ablegavit,
461 3846 496 3880 nn
519 3828 627 3882 divinus
651 3830 762 3896 angelus
781 3829 858 3878 illinc
877 3823 1037 3877 discederet.
1059 3841 1119 3874 rur-

28 3915 90 3949 sum
109 3897 156 3949 abt
180 3907 313 3952 structura
330 3918 378 3970 pro
400 3899 524 3951 emodurn
543 3909 614 3951 esset
640 3899 675 3950 ad
693 3900 774 3950 finem
792 3897 935 3965 perducta,
955 3895 1119 3962 imperatore

28 3969 67 4020 de
85 3985 153 4020 auro
171 3970 305 4034 sollicito,
321 3919 430 4042 quidim
449 3970 587 4022 eunuchus
606 3969 718 4020 adeum
731 3969 841 4018 veniens
854 3966 926 4016 viros
945 3964 1051 4032 aliquot
1068 3964 1118 4015 ad-

27 4045 106 4113 iungi
133 4043 184 4095 sibi
210 4043 306 4095 iubet:
337 4044 438 4113 quippe
466 4043 531 4094 satis
556 4041 614 4092 auri
643 4057 672 4091 se
690 4039 846 4107 imperatori
875 4034 1115 4104 suppeditaturum.

28 4116 115 4184 igitur
133 4115 211 4166 illum
230 4114 377 4165 abeuntem
395 4113 521 4165 nonnulli
543 4112 662 4163 comitati
674 4108 818 4180 splendida
837 4105 972 4178 quaedam
993 4104 1116 4156 aedificia

27 4186 217 4256 conspiciunt,
248 4193 386 4237 eteorum
417 4184 447 4236 in
466 4183 622 4255 pavimento
639 4182 694 4235 rim
712 4181 769 4232 auri
785 4180 943 4239 maximam
960 4175 1033 4230 unde
1054 4192 1115 4228 euna

94 4293 203 4363 Glycera·
887 4283 923 4335 32
