2700 4792
272 226 357 313 238
500 240 502 243 ’
603 249 819 315 urcusnus
851 249 1014 315 cincun

265 387 320 468 ‘s’nt
345 404 403 468 τοῦ
424 402 666 482 κατακλυσμοῦ,
685 399 860 486 κάντεῦθεν
880 404 1058 471 πιστοῦται.
1101 403 1217 475 λίθους
1234 400 1292 482 γάρ

267 525 319 578 νες
341 504 377 568 ἐκ
395 503 457 565 reis
479 502 535 563 τοῦ
554 497 703 581 Λιβάνου
731 500 913 583 α’κρωρειιῦν
933 501 978 574 εἰς
1000 498 1171 580 οἰκοδομάς
1190 523 1301 580 μετοκι

266 603 374 679 ζοντες
395 601 630 687 διεβεβαιοῦντο
650 594 693 672 ὥς
714 589 807 679 εὗρον
828 601 862 663 ὲν
886 607 952 675 τοῖς
973 594 1149 678 κοιλώμασι
1170 602 1231 663 τοῦ
1252 605 1301 680 Au

264 721 320 765 νου
340 697 460 781 ι’χθῦας
479 701 761 782 τεταριχευμένους
782 699 838 763 καί
854 700 895 785 τῇ
913 697 983 763 ι’λῦϊ
995 694 1183 783 πεπηγότας,
1198 696 1282 763 καθά
1296 727 1301 781 ι

265 823 301 864 σι
323 800 378 865 καί
397 798 555 882 Ἰώσηπος,

260 910 262 913 ’
352 894 448 963 Μετὰ
481 898 516 961 δὲ
536 893 593 979 τήν
610 899 668 960 τοῦ
700 898 923 975 κατακλυσμοῦ
949 899 1076 961 παῦλαν
1103 900 1224 962 θυσίαν
1244 897 1301 962 o‘i

266 1001 310 1085 τῷ
329 1001 397 1084 θεῷ
418 992 577 1079 ἀνήνεγκε.
621 996 705 1070 τίνος
729 995 847 1074 ἓνεκενς
869 995 921 1058 ἵνα
934 1003 998 1071 τοῖς
1019 997 1181 1076 ἐσομένοις
1205 999 1240 1061 ἐν
1260 997 1301 1061 ῦο

265 1097 332 1184 νείρι
353 1090 556 1177 συγγνώμονά
577 1117 610 1158 τε
631 1092 687 1157 καί
708 1090 843 1176 γαληνὸν
870 1092 1171 1179 τιροσαιιεργάσρται
1192 1089 1249 1161 τὸν
1268 1100 1301 1159 θε

233 1192 310 1271 Deis
335 1192 352 1258 o‘
371 1197 469 1276 μέγας
491 1194 620 1270 uscerius
641 1190 815 1275 Κῦριλλος,
845 1195 896 1258 ἵνα
919 1192 964 1277 μὴ
984 1197 1080 1258 πάλιν
1098 1198 1159 1275 μία
1180 1193 1259 1260 κατά
1280 1224 1300 1258 τι

266 1319 331 1358 των
353 1292 518 1358 ἐλεύσεται
542 1296 673 1377 ψῆφος,
703 1293 840 1379 δευτέρῳ
861 1297 1073 1382 κατακλυσμῷ
1100 1292 1136 1359 τῦ
1160 1289 1301 1380 άνθράιιι

266 1391 454 1458 ῦιιοτιθεῖσα
473 1394 569 1474 γένος.
618 1392 671 1476 ἐφ’
692 1381 718 1479 ᾧ
737 1390 793 1454 καί
811 1373 879 1456 εἶπε
900 1391 979 1475 ιιράς
1003 1392 1099 1458 αῦτῦν
1121 1393 1138 1457 ῦ
1167 1380 1245 1470 θεάς
1266 1397 1301 1475 ,δ

204 1486 209 1496 ’
266 1493 392 1575 νοηθείς
413 1491 518 1554 οῦκέτι
539 1488 720 1575 προσθήσω,
733 1493 790 1554 τοῦ
818 1491 1065 1575 καταράσασθαι
1087 1491 1143 1577 τῆν
1162 1498 1222 1578 γῆν
1243 1493 1294 1559 διά

266 1587 343 1672 ἔργα
363 1594 423 1654 τῶν
452 1588 630 1674 ἀνθρώπων
640 1638 649 1670 ,
672 1586 721 1653 ῦτι
751 1586 889 1672 ἔγκειται
920 1587 1087 1673 ἤιλιάνοια
1108 1596 1166 1657 τοῦ
1187 1592 1301 1680 άνθριῦι

268 1688 323 1752 ιἰιί
339 1684 459 1773 πονηρά
481 1690 516 1753 ἐκ
537 1691 712 1772 νεότητος.”
750 1688 863 1754 τοῦτου
887 1688 1001 1774 χάριν,
1021 1687 1067 1765 οῦς
1086 1688 1220 1776 εἴρηται,
1242 1699 1301 1758 θυο

267 1787 417 1871 άνὴνεγκε
436 1789 480 1875 τῷ
497 1791 575 1876 θεῷ.
618 1785 699 1853 κατά
718 1787 778 1872 γάρ
798 1791 893 1853 τοῦτο
916 1793 973 1853 καί
994 1785 1070 1855 ἑπτά
1092 1788 1174 1856 ἑπτά
1196 1795 1301 1857 ε’κὲλεο

269 1882 285 1950 ῦ
306 1886 383 1962 θεὸς
403 1879 466 1950 sirici
487 1891 551 1955 τιῦν
572 1890 723 1972 καθαρῶν
736 1889 930 1971 εἰσαχθῆναι
946 1891 980 1953 ἐν
1001 1892 1041 1975 τῇ
1055 1894 1195 1977 κιβωτῷ,
1220 1892 1279 1956 irio
1297 1921 1301 1954 ι

268 1989 305 2052 δὲ
327 1981 391 2051 άπὸ
413 1991 477 2052 τῶν
497 1986 696 2071 α’καθάρτιον.
750 1985 859 2071 ἐπειδὴ
881 1988 942 2071 γάρ
965 1985 1077 2069 ἔμελλε
1098 2000 1301 2074 ουγχοορεῖνι

169 2096 199 2152 Ρ.
212 2111 258 2168 ιορ
267 2083 448 2169 ἀνθρώποις
481 2092 671 2169 μεταλαβεῖν
696 2086 816 2171 κρειῦν,
838 2085 968 2167 ἔμελλον
990 2089 1025 2153 δὲ
1045 2091 1101 2152 καί
1119 2090 1239 2166 θυσίας
1262 2115 1300 2175 ιτρ

268 2191 380 2273 φέρειν
409 2186 495 2275 αῦτῷ
524 2189 580 2270 τῆς
603 2181 766 2268 εῦσεβείας
785 2184 814 2250 οἱ
833 2184 993 2272 τρόφιμοι,
1015 2190 1143 2252 πλείονα
1164 2187 1205 2255 τά
1229 2195 1301 2254 κοθι

267 2288 475 2372 φυλαχθῆναι
498 2287 685 2370 προσέταξε,
715 2281 773 2359 τοὶς
798 2286 857 2365 μὲν
873 2293 958 2369 τρεῖς
982 2288 1134 2369 συζυγίας
1156 2290 1202 2364 είς
1222 2290 1301 2372 riis«

266 2387 356 2468 ξησιν
374 2385 430 2449 τοῦ
456 2387 582 2466 γένους,
613 2380 649 2448 τῦ
678 2385 714 2447 δὲ
733 2380 882 2466 τιεριττὸν
909 2386 943 2450 ἓν
965 2387 1011 2462 εἷς
1030 2389 1160 2451 θυσίαν.
1203 2386 1223 2452 ὃ
1246 2387 1284 2473 δὴ

266 2485 415 2568 sensatas
443 2480 524 2564 μετά
547 2481 604 2548 τόν
632 2480 869 2565 κατακλυσμόν,
891 2481 954 2587 uini
977 2480 1102 2552 πάντων
1122 2491 1189 2553 τῶν
1207 2494 1301 2573 καθορ

269 2776 382 2833 huiusce
400 2778 498 2833 diluvii
516 2787 621 2832 montes
641 2781 721 2834 etium
740 2777 946 2831 sublimissimos
968 2780 1178 2848 operuissent
1196 2780 1260 2834 hinc
1278 2799 1301 2833 cc

268 2870 331 2922 gere
347 2853 420 2904 iicet.
448 2851 558 2923 quidum
583 2867 643 2903 cum
670 2849 800 2903 eLibuni
836 2850 1021 2902 cacuminibus
1040 2850 1074 2900 su
1094 2859 1244 2905 structuras
1263 2870 1301 2904 aes

268 2925 372 2975 ciorum
390 2941 453 2974 suxa
470 2932 654 2991 congererent,
672 2921 850 2973 adcesserunt
870 2938 898 2972 sc
917 2921 987 2972 intra
1004 2920 1097 2973 Libani
1116 2925 1295 2976 concavitates

268 2995 369 3113 ροτρριρ
387 2996 473 3062 pisces
493 2993 632 3047 induratos
650 2993 680 3046 in
699 2992 763 3044 limo
784 2989 895 3056 defixos,
912 2992 953 3044 uti
964 2990 1093 3062 Iosephus
1112 2994 1195 3046 etiarn
1213 3012 1301 3047 memor

289 3080 317 3114 ro
340 3064 347 3113 i
369 3064 399 3113 it.

268 3080 286 3135 p
340 3133 407 3184 Curn
433 3133 565 3187 diluvium
592 3132 735 3194 desiisset,
764 3130 823 3184 Noa
843 3129 895 3183 sico
914 3131 1075 3185 sucrificium
1095 3133 1206 3188 obtulit
1225 3153 1301 3206 quam

269 3221 326 3255 reus
348 3203 434 3255 istuc?
453 3205 534 3257 otiis
553 3205 598 3275 qui
617 3200 764 3272 aliquando
784 3201 870 3254 futuri
896 3212 987 3255 essent
1012 3205 1193 3272 infirmiores,
1211 3210 1290 3259 ‹leuru

269 3275 382 3343 uiguurn
400 3290 430 3326 ac
459 3276 606 3344 propitium
632 3272 772 3335 redderet,
799 3275 870 3326 sicut
894 3275 1009 3326 eximius
1033 3276 1081 3326 illc
1102 3277 1220 3345 Cyrilius
1250 3279 1300 3339 air,

269 3363 374 3398 rursum
393 3345 540 3415 aliquando
560 3362 628 3396 unus
654 3344 781 3395 adversus
801 3360 892 3395 omnes
909 3345 1025 3396 serretur
1041 3348 1181 3412 calculus,
1202 3366 1256 3418 quo
1274 3365 1301 3417 ge

269 3416 425 3470 mortalium
452 3415 531 3468 alteri
556 3415 658 3468 diluvio
690 3414 876 3467 subiiceretur.
905 3415 1002 3467 iccirco
1032 3417 1099 3469 deus
1127 3417 1169 3471 his
1189 3437 1250 3471 eum
1268 3436 1301 3470 se

270 3488 419 3557 compellat
435 3486 514 3558 (Gen.
535 3488 551 3540 8
572 3489 618 3556 21)
647 3486 749 3549 ,‚stutui
778 3503 838 3537 curn
865 3487 955 3538 animo
981 3502 1042 3538 meo
1070 3506 1210 3559 nunquam
1230 3490 1301 3542 deinc

270 3567 369 3611 terram
398 3567 473 3611 tauto
499 3557 610 3610 diritate
634 3556 764 3627 prosequi
790 3566 901 3627 propter
925 3557 1065 3609 hominurn
1088 3559 1226 3624 facinora,
1244 3578 1301 3630 quor

271 3630 451 3700 cogitationes
480 3638 507 3681 et
535 3628 624 3680 studia
642 3627 706 3679 inde
728 3644 813 3696 usque
842 3645 857 3679 a
883 3629 974 3699 pueris
993 3629 1029 3680 ud
1046 3647 1128 3699 prava
1172 3649 1301 3701 uaequer

272 3701 351 3752 ciisis
377 3701 464 3753 suut?
490 3699 560 3751 hanc
584 3699 665 3768 igitur
682 3697 717 3750 ob
745 3715 852 3751 causam
869 3698 1028 3752 sucrificium
1053 3701 1125 3753 illud
1143 3721 1159 3754 o
1181 3702 1261 3766 tulit,
1279 3719 1301 3752 cu

272 3772 355 3823 etiam
377 3779 501 3841 respectu
517 3769 690 3823 mundaverat
717 3767 782 3821 deus
804 3779 836 3822 ut
853 3786 887 3821 ex
904 3769 1013 3823 mundis
1041 3772 1204 3825 animalibus
1224 3775 1252 3824 in
1267 3789 1301 3822 arr

272 3850 397 3910 septena,
417 3860 451 3895 ex
467 3841 614 3895 immundis
632 3840 697 3892 bins
716 3840 908 3910 reciperentur.
925 3858 986 3894 num
1002 3842 1067 3910 quia
1084 3843 1211 3896 cornilius
1230 3858 1301 3896 resse

272 3920 433 3980 potestatem
447 3911 607 3966 mortalibus
624 3911 742 3964 facturus
755 3921 825 3976 erat,
842 3921 924 3982 atque
936 3913 1016 3964 etium
1030 3914 1155 3966 litaturos
1174 3914 1227 3966 sibi
1245 3913 1301 3979 relig

272 3997 317 4033 sos
335 3981 458 4034 homines
481 3983 597 4048 sciebat,
620 3984 716 4034 iccirco
742 3983 905 4034 mundorum
932 3983 1090 4036 animalium
1116 3986 1202 4038 maior
1227 3998 1300 4035 nurus

272 4059 393 4104 serratus
412 4061 469 4114 est,
487 4071 602 4123 quorum
621 4055 674 4107 tria
692 4054 766 4123 paria
791 4055 895 4120 generis
915 4055 1101 4119 incremento,
1121 4058 1169 4107 reli
1192 4073 1252 4107 uurn
1270 4070 1301 4104 ιιι

273 4121 335 4180 ficio
353 4121 515 4178 destinatum
536 4133 621 4194 esset3
641 4123 671 4178 id
684 4122 759 4195 quod
778 4126 793 4176 α’
813 4121 916 4179 diluvio
935 4124 995 4179 Non
1016 4142 1073 4179 non
1083 4127 1211 4196 neglexit,
1227 4125 1259 4177 de
1274 4137 1301 4173 οι
