2722 4800
255 265 323 347 90,
586 255 803 323 MlctlAELts
834 253 999 317 GLYCAE

255 407 448 490 σιαλύγησαν
483 400 600 488 ούτοος,
629 400 677 470 ὅτι
708 403 907 487 θερμότατον
942 395 979 465 δν
1007 400 1041 466 τύ
1064 403 1144 480 ζῶον
1163 406 1219 467 καί
1238 400 1312 487 λίχν

256 506 331 591 περὶ
350 505 407 581 τὰς
427 507 491 571 τῶν
510 509 637 592 τροφῶν
658 497 778 584 ὀρέξεις
804 504 843 590 τῇ
862 505 922 581 μὲν
943 499 1072 589 ε’μφύτιρ
1094 500 1272 586 θερμότητι
1291 529 1312 569 τ.

247 597 391 690 ’χύτερον
418 607 527 670 πέπτει
557 602 615 688 τὴν
649 605 814 686 διδομένην
844 596 988 684 τροφήν,
1018 602 1058 685 τῇ
1087 601 1123 664 δὲ
1145 601 1312 690 λιχνείηιτ

229 708 388 792 Βφύσιως
409 711 639 791 προαναφωνεῖ
655 699 710 785 τὴν
728 703 802 785 περί
823 703 921 764 ταῦτα
946 692 1066 782 ὄρεξιν,
1088 695 1185 763 οἱονεί
1204 725 1312 785 προσκ

256 804 407 885 λούμενος
425 800 480 868 τύν
500 804 666 882 σιτίζοντα.
689 803 790 885 ἕτεροι
813 801 849 864 δέ
869 821 968 883 φασιν
988 794 1040 862 ὅτι
1059 801 1115 864 καί
1134 798 1267 865 ἕκαστον
1287 827 1312 866 τι

256 906 396 970 ἐνταῦθα
416 895 585 969 dossennus*
603 905 771 985 γινομένων
793 893 913 986 έκύστιρ
933 899 998 962 τῶν
1018 895 1196 984 φωστήραιν
1217 898 1312 966 α’νύκι

256 1028 328 1084 ται,
356 997 461 1085 ῶσπερ
490 997 507 1066 ὅ
534 999 632 1076 λωτὸς
656 997 692 1065 ιδ
714 994 816 1086 φυτὸν
842 993 973 1080 ἡλιακὸν
992 998 1092 1080 ἐστιν,
1117 992 1193 1064 ὅθεν
1213 997 1312 1066 οἷνατέ

256 1110 341 1168 λοντι
361 1105 421 1182 μὲν
443 1106 487 1188 τῷ
506 1101 652 1186 φωστῆρι
672 1100 804 1176 έξαπλοῖ
820 1093 859 1161 τύ
880 1095 997 1180 φύλλα,
1018 1091 1139 1160 δύνοντι
1161 1099 1197 1161 δὲ
1217 1114 1312 1164 uvore

255 1210 316 1268 λιι.
358 1196 441 1264 οὕτω
458 1202 518 1281 μὲν
542 1188 599 1262 ούν
635 1195 691 1261 καί
711 1195 728 1260 δ
750 1184 935 1279 α’λεκτροῶν
951 1191 1011 1257 dud
1032 1193 1088 1277 την
1107 1195 1240 1281 ἡλιακὴν
1262 1198 1312 1278 τύλ

256 1297 337 1365 ἐστι’.
380 1297 478 1384 ταύτῃ
499 1319 549 1361 τοι
570 1294 626 1360 καί
643 1295 724 1381 πρὸς
746 1292 902 1376 ἀνατολὴν
922 1292 1082 1357 ἐπανιόντι
1101 1295 1144 1382 τῷ
1158 1296 1231 1384 idcir}
1245 1298 1312 1380 α’ρχ

255 1402 330 1485 γέτῃ
353 1390 540 1480 ἀπορρήτοις
569 1394 625 1459 καί
655 1399 797 1480 φυσικῶς
817 1393 1033 1476 intrauerat,
1054 1395 1111 1458 καί
1129 1388 1237 1480 ῶσπερ
1265 1397 1312 1483 egid

258 1499 344 1585 αύτῷ
365 1491 552 1576 ποιούμενος
572 1494 812 1578 α’πολαμπρύνει
833 1515 869 1556 τε
884 1489 949 1576 ’την
968 1489 1080 1579 φωνήν
1095 1491 1150 1557 καί
1170 1495 1255 1576 μέγα
1275 1500 1312 1577 βο

229 1595 312 1663 cxci
332 1588 420 1659 οὗτοι
448 1596 507 1675 μέν
528 1587 647 1668 ούτως·
697 1591 738 1658 ού
767 1593 820 1672 δέ,
849 1591 1009 1676 ἅμαπητέ,
1029 1591 1089 1667 τὰς
1108 1589 1260 1668 τοιαύτας
1279 1619 1312 1680 m

257 1695 317 1770 κῶς
337 1693 417 1775 μετὰ
445 1695 507 1758 τῶν
542 1695 656 1774 μύθων
681 1691 832 1775 ῶριθμεῖν
859 1689 904 1774 μὴ
926 1692 1044 1755 δέδιθι.
1105 1691 1160 1755 τὸν
1184 1691 1253 1781 ,γὰρ
1277 1693 1312 1758 u’l

257 1795 394 1877 κτροὸνα
408 1790 520 1867 ννκτός
541 1790 650 1869 ἔταξεν
671 1785 760 1880 ᾄδειν
780 1788 796 1854 δ
819 1788 964 1875 κηδιμῶν
984 1788 1111 1856 πάντων
1129 1788 1215 1873 θεός,
1236 1791 1312 1869 uice*

256 1898 370 1958 τιύθεν
394 1892 479 1976 ἡμᾶς
507 1884 636 1967 ύκονιας
658 1894 715 1975 τῆς
742 1894 848 1974 κλίνης
867 1890 1047 1972 ἐγείρεσθαι
1066 1887 1121 1953 καλ
1141 1888 1188 1975 μὴ
1213 1888 1271 1976 τὴν
1297 1916 1312 1957 ν

256 2018 314 2070 κτα
338 1996 577 2056 καταναλίσκειν
597 1985 674 2074 ύλην
694 1991 749 2055 έπῖ
769 1998 885 2070 κενοῖς,
917 1985 999 2052 α’λλοὶ
1021 1986 1095 2064 τούς
1114 1993 1173 2070 μὲν
1193 1990 1241 2064 εἰς
1258 1993 1312 2076 έρμ

257 2092 330 2157 σίαν
350 2091 569 2176 ἐκτρέπεσθαι,
589 2087 664 2164 τούς
686 2091 722 2154 δὲ
733 2086 813 2172 πρὸς
830 2090 924 2152 θείαν
946 2089 1126 2170 δοξολογίακ
1145 2087 1312 2155 α’κίστασθι

175 2207 246 2279 V.37
260 2194 391 2256 τοιαῦτα
411 2188 471 2273 γύρ
489 2193 546 2254 τού
564 2193 645 2254 θεού
662 2190 718 2252 καί
730 2185 784 2251 διύ
798 2184 899 2270 λόγων
919 2190 974 2251 καί
994 2184 1047 2251 διὰ
1073 2185 1162 2266 ζῶσιν
1184 2190 1244 2252 ούκ
1259 2190 1312 2254 α’νο

256 2289 386 2371 νομένου
407 2285 580 2353 παιδεύειν.
620 2287 676 2350 καί
695 2283 832 2371 πρύσχες
863 2287 908 2374 τῶ
927 2288 1109 2367 Σολομῶντι
1132 2289 1256 2370 λέγοντι
1277 2286 1312 2371 „i

256 2385 336 2472 πρὸς
356 2386 411 2452 τὸν
429 2383 582 2470 μύρμηκα
605 2376 632 2448 oi
653 2383 796 2469 ύκνηρέ.”

338 2488 370 2550 Γ
366 2489 479 2550 ι’νιασκε
499 2487 535 2549 δέ
553 2482 609 2548 καί
625 2487 733 2565 τοῦτο,
754 2480 805 2548 δτι
825 2479 883 2568 τηῖν
902 2491 1002 2564 μυῖαν
1020 2484 1155 2575 Ἀττικῷ
1172 2489 1282 2568 μέλιτι
1300 2512 1312 2567 ρ

256 2586 475 2670 ἐπικαθῆσθαι
505 2581 595 2670 φασί.
651 2583 768 2667 θύμοις
801 2588 857 2650 καί
874 2582 935 2670 γὰρ
961 2580 1020 2672 τήν
1035 2582 1177 2670 Ἀττικὴν
1196 2586 1312 2667 κομῶσι

176 2858 181 2867 ’
257 2879 327 2924 runt·
355 2859 432 2922 alunt
454 2869 527 2922 enim
549 2870 648 2921 animal
680 2868 764 2921 hoca
789 2877 884 2922 natura
902 2868 1092 2921 calidissimum
1110 2868 1185 2921 etin
1203 2871 1300 2939 primis

256 2941 410 3011 appetendo
428 2943 594 2993 nutrimento
615 2940 723 2994 avidum
750 2940 787 2991 ob
808 2940 924 2992 calorem
941 2940 1052 3010 quidem
1067 2941 1178 2991 insitum
1198 2942 1312 2995 citiusa

256 3021 365 3081 ceptum
383 3011 540 3063 alimentum
551 3015 728 3081 mneoquere,
743 3010 779 3061 ob
799 3011 956 3063 aviditatem
978 3029 1040 3063 vero
1060 3019 1172 3062 naturae
1190 3014 1312 3081 appetitu

256 3100 333 3135 suum
359 3082 525 3149 significare,
557 3083 636 3151 quasi
661 3090 817 3151 pascentem
841 3099 870 3134 se
889 3083 988 3135 invitet
1011 3089 1039 3133 et
1056 3083 1163 3133 excitet.
1180 3084 1228 3134 alii
1246 3085 1313 3136 volu

256 3169 312 3204 rem
338 3150 490 3221 quamlibet
514 3152 696 3204 alicui'certo
728 3151 811 3204 sideri
836 3152 951 3205 dicatam
969 3169 1043 3215 esse,
1068 3152 1148 3205 sicuti
1165 3153 1239 3205 lotus
1257 3154 1312 3208 lieri

256 3222 353 3276 solaris
371 3229 420 3273 est.
445 3238 499 3291 quo
518 3222 594 3274 litut
613 3222 677 3274 huic
696 3223 824 3274 luminari
843 3225 975 3277 exorienti
994 3224 1060 3275 lolia
1079 3241 1126 3274 sun
1143 3223 1261 3293 pandat,
1282 3243 1312 3277 cu

256 3293 351 3346 eadem
363 3290 460 3344 eodem
478 3292 618 3345 occidente
636 3294 785 3347 contrahat.
801 3295 883 3347 sicet
901 3296 986 3364 gallus
1006 3295 1170 3364 gallinaceus
1188 3293 1223 3346 de
1245 3295 1312 3347 horu

256 3365 385 3435 opinione
409 3363 459 3415 sub
488 3364 573 3416 solem
600 3365 724 3416 refertur.
754 3365 929 3435 quamobrem
956 3365 992 3417 ad
1016 3374 1104 3417 ortum
1121 3364 1254 3419 redeunte
1274 3366 1312 3418 du

249 3453 306 3488 ,suu
327 3436 433 3487 ratione
457 3433 573 3505 quadam
599 3437 706 3488 occulta
729 3445 758 3488 et
774 3438 892 3489 naturali
913 3437 1019 3507 gaudet
1039 3437 1119 3488 simul
1137 3437 1216 3506 qussi
1234 3455 1312 3491 carm

255 3509 280 3559 ei
300 3506 438 3578 quoddam
466 3506 610 3558 concinere
637 3507 716 3571 velit,
737 3507 835 3559 clarius
853 3525 946 3560 rocem
963 3508 1068 3559 attollit
1087 3515 1115 3559 et
1132 3508 1216 3560 altum
1235 3510 1312 3561 elenu

254 3587 338 3648 atque
358 3579 468 3631 illorum
482 3576 594 3647 quidem
611 3576 678 3629 haec
698 3587 741 3631 est
756 3581 899 3631 sententia.
919 3588 948 3631 tu
967 3595 1046 3642 vero,
1064 3579 1102 3628 mi
1120 3578 1168 3642 tili,
1189 3596 1270 3631 voces
1289 3580 1312 3631 lu

252 3648 368 3700 iusmodi
397 3650 497 3701 referre
522 3649 595 3701 inter
616 3648 721 3700 sabulos
747 3666 782 3701 ne
805 3651 928 3703 verearis.
954 3666 1017 3700 nam
1042 3649 1142 3718 gallum
1161 3650 1312 3718 gallinaceu

253 3728 336 3772 noctu
354 3736 451 3773 canere
464 3718 530 3772 deus
549 3720 636 3784 iussit,
655 3721 703 3791 qui
721 3721 811 3772 omnia
826 3720 997 3790 providentia
1014 3738 1063 3772 sua
1081 3721 1290 3790 complectitur,
1310 3740 1312 3750 ’

253 3788 306 3840 hoc
325 3791 406 3842 modo
424 3792 468 3844 vel
488 3790 568 3843 inviti
586 3791 620 3843 de
647 3791 748 3843 lectulo
767 3809 903 3862 surgamus
921 3808 972 3844 neo
988 3791 1046 3843 sine
1064 3789 1153 3843 fructu
1171 3801 1280 3849 noctem
1297 3794 1312 3845 ii

253 3868 355 3928 tegram
373 3878 574 3926 consumamus,
593 3861 640 3914 sed
667 3863 765 3933 partim
785 3864 820 3915 ad
839 3880 934 3933 operas
952 3879 1001 3914 nos
1020 3870 1219 3926 convertamus,
1240 3865 1312 3933 parti

252 3931 287 3982 ad
306 3930 352 3981 dei
373 3932 582 3985 celebrationem
595 3935 750 3986 excitemur,
768 3935 808 3986 sio
825 3936 896 3985 enim
914 3933 1055 3984 cousuevit
1069 3932 1136 3984 deus
1153 3941 1270 4004 temper
1289 3933 1312 3985 d«

253 4002 366 4053 ctrinam
387 4019 466 4071 quam
487 4005 545 4072 ipsa
576 4005 658 4057 etiam
677 4005 804 4057 animalia
821 4020 871 4055 nos
895 4002 1011 4055 erudire.
1032 4001 1100 4072 quid
1119 4004 1229 4057 Solomo
1250 4005 1312 4078 (Pro

210 4115 212 4120 ,
252 4073 316 4144 66)
334 4071 419 4134 dicat,
437 4073 510 4125 sudi:
531 4074 582 4137 „ad
601 4075 753 4139 formicam,
778 4077 888 4144 ignave,
904 4083 934 4126 te
952 4074 1069 4127 couser.”

323 4143 381 4195 lloe
397 4144 476 4196 etiam
496 4145 696 4210 animadverte,
714 4146 789 4216 quod
816 4161 932 4197 muscum
951 4145 1040 4198 Attico
1059 4145 1135 4199 melli
1152 4153 1255 4214 negant
1272 4145 1312 4199 ins
