2692 4784
376 279 588 343 tuuauuu
617 283 720 345 rias
741 231 823 346 ru.x
1047 255 1129 341 525

47 436 130 500 ναοῦ
149 433 360 517 ἐξεπορεύετο.
401 431 523 514 γίνεται
543 434 638 498 τοῦτο
660 436 709 510 δίς
726 437 783 498 καί
801 434 960 512 πολλάκις.
1003 435 1134 502 όπτάυε-

45 558 101 599 ται
122 529 140 596 ό
159 530 285 616 μάρτυρ
314 533 357 619 τῷ
377 526 552 617 ἐπισκόπῳ,
582 535 681 615 λέγων
700 526 859 616 ,,άπελθε,
880 534 936 600 καί
952 543 1062 601 πεῖσον
1080 539 1135 601 τόν

46 632 221 697 ἐπίσκοπόν
240 654 303 711 μου
336 633 443 695 ἐλθεῖν
472 632 528 695 καί
547 633 647 695 λῦσαί
662 655 712 712 με.
770 632 916 718 α’φοόρισέ
932 657 973 715 με
993 634 1056 718 γάρ
1077 638 1237 730 vigilam

46 733 265 813 λειτουργίας,
287 726 344 794 καί
362 734 642 815 συλλειτουρμῆσαι
663 731 739 812 ὑμῖν
759 734 798 796 ου’
817 733 967 815 δυ’ναμαι.
1008 736 1065 799 καί
1082 731 1134 800 τόν

17 835 108 912 ὁμὲν
138 833 293 915 στέφανον
320 833 378 895 τοῦ
405 830 583 914 μαρτυρίου
616 827 750 914 ἐλαβσν,
776 829 812 896 τό
835 834 871 896 δὲ
890 829 1058 916 πρόσωπον
1076 836 1135 897 τοῦ

44 932 129 994 θεοῦ
150 932 208 992 ads
239 925 433 1013 ἐθεασάμην.
488 925 544 991 καί
573 927 604 992 εἰ
620 927 666 1012 μὴ
690 926 706 992 o‘
730 929 829 1014 δήσας
848 932 936 995 λόσει
957 955 1019 1013 με,
1040 935 1165 1008 laicata

46 1024 145 1105 ἄλλος
166 1027 204 1091 οδ
226 1027 386 1094 δύναταί
427 1031 547 1111 γίνεται
566 1030 683 1107 ταῦτα,
703 1029 794 1112 ναίὴ
816 1025 935 1113 λάρναξ
955 1029 1059 1095 ου’κέει
1077 1034 1136 1094 τοῦ

45 1131 130 1192 ναοῦ
161 1127 335 1210 ἐξέρχεται.
391 1121 467 1192 ὅθεν
491 1129 546 1190 καί
564 1126 680 1201 πάντες
698 1130 740 1215 τῷ
760 1131 826 1216 θεῷ
859 1127 955 1208 δόξαν
979 1130 1136 1194 δεδώκασι

45 1230 92 1314 τῷ
112 1226 229 1291 διδόντι
257 1222 407 1310 τοιαόεην
427 1225 571 1305 ἐξουσίαν
600 1235 666 1302 τοῖς
686 1227 809 1302 δούλοις
830 1224 941 1293 αὐτοῦ.
983 1227 1063 1292 άλλά
1083 1226 1138 1294 καί

11 1325 66 1395 [οδ
83 1321 318 1409 χρυσορρὴμοεν
339 1323 424 1390 οὕτω
446 1327 543 1411 φησίν
563 1321 676 1408 „ripae
695 1329 754 1406 μὲν
775 1320 832 1391 σόν
847 1325 929 1391 κατά
952 1324 1009 1392 τόν
1027 1330 1136 1412 ἐκκλη-

45 1423 211 1489 σιαστικὸν
239 1422 361 1507 θεσμόν
389 1422 427 1490 τά
448 1423 550 1507 δεσμά
575 1423 820 1508 περιβάλλυμεν.
843 1428 874 1492 εδ
896 1428 932 1492 δέ
951 1450 998 1501 τις
1017 1427 1139 1492 τούτων

47 1531 251 1610 καταφρονεῖ,
272 1522 473 1609 ἐπιστήσεται
494 1523 510 1588 ό
531 1528 588 1589 τοῦ
602 1523 744 1589 θανάτου
764 1529 820 1590 καί
838 1526 895 1610 τῆς
917 1526 1048 1610 κρίσεως
1066 1549 1136 1591 καο-

46 1622 123 1705 ρός,
145 1621 303 1689 διδάσκων
323 1622 422 1687 αὐτόν
449 1621 493 1698 ὥς
513 1620 658 1709 ἀψευδὴς
686 1623 703 1690 ό
727 1620 815 1708 λόγος
833 1626 892 1692 κου’
909 1627 1022 1712 κυρίου
1041 1629 1098 1691 καί
1118 1623 1137 1690 ὅ

47 1719 145 1803 νόμος
166 1726 221 1805 τῆς
240 1723 404 1806 ἐκκλησίας
425 1721 555 1787 αδκαῦ.”

10 1828 40 1893 15
134 1820 228 1887 Μετά
250 1823 286 1886 δέ
302 1826 428 1886 Λέοντα
457 1823 660 1902 ἐβασιλευσεν
684 1817 701 1885 ό
722 1817 792 1897 υἱός
812 1823 916 1887 advari
936 1827 1164 1899 Kamani-c

48 1946 101 1998 νος
124 1919 369 2004 όΚοπράνυμος
389 1918 444 2003 ἐτη
463 1915 521 1999 λό’,
542 1920 576 1984 ἐκ
599 1917 777 1985 δεινοτάτου
800 1924 921 2000 λέοντος
940 1924 1136 2009 ποικιλότρσ·

47 2044 107 2096 ειυς
128 2017 293 2106 πάρδαλις.
334 2011 426 2094 οὗτος
446 2022 552 2084 πάσαν
575 2019 687 2083 κακίαν
718 2018 914 2103 μετὴρχετο,
931 2021 1006 2099 τοός
1027 2023 1137 2107 άγίους

46 2144 81 2185 τε
105 2119 151 2205 μὴ
173 2124 274 2204 λέγειν
295 2117 404 2202 άγίους
424 2120 589 2202 ἐθέσπιζε,
608 2115 647 2182 τά
668 2121 803 2199 λείψανα
826 2119 990 2187 διαπτάειν
1011 2118 1137 2208 αὐτῶν,

48 2219 105 2283 καί
132 2220 302 2302 πρεσβείαν
335 2219 457 2283 ἐκεῖθεν
478 2214 521 2300 μὴ
548 2220 766 2283 ἐκκαλεῖσθαι·
822 2222 862 2282 οδ
888 2217 1039 2287 δύνανται
1066 2218 1138 2307 γάρ.

9 2341 40 2386 to
49 2316 107 2382 καί
121 2317 156 2382 τό
175 2316 275 2401 πάσης
299 2318 505 2401 βλασφημίαις
527 2317 655 2399 μεῖζον,
691 2312 741 2380 ότι
760 2320 896 2382 τοιαῦτα
915 2321 970 2386 καί
990 2322 1064 2405 περί
1081 2324 1138 2405 τῆς

47 2414 245 2502 θεσμήεαρυς
274 2413 417 2503 ἐφρόνει·
468 2414 554 2500 ἔλεγε
588 2413 647 2503 γάρ
674 2411 721 2483 ότι
742 2419 801 2493 ἕως
821 2408 860 2483 οὗ
878 2412 962 2504 εἶχεν
981 2422 1017 2488 ἐν
1039 2415 1139 2512 iussi

49 2743 114 2794 loco
135 2734 261 2790 conditur
285 2743 314 2787 et
334 2732 470 2787 rcaoralia
496 2742 680 2804 pei-aguntum
707 2752 822 2858 cumcpue
839 2738 952 2792 antistes
969 2739 1037 2791 haec
1052 2739 1137 2795 verbs

46 2810 243 2884 pronuntiaret
263 2823 335 2875 „pax
354 2805 486 2857 universis
495 2807 518 2866 ,”
547 2805 688 2876 sandapila
705 2814 807 2878 tempo
831 2810 957 2872 excessit,
976 2810 1059 2880 idque
1080 2829 1136 2864 noa

47 2881 136 2937 semel
155 2878 203 2931 sed
219 2879 261 2930 bis
279 2886 354 2929 terve
374 2876 482 2927 sactum.
501 2875 564 2927 hinc
581 2892 631 2945 per
648 2878 769 2946 quietem
790 2881 905 2932 anusdti
919 2880 1010 2932 senior
1027 2881 1137 2935 oblatus

45 2951 163 3019 „abito”
182 2948 282 3019 inquit,
300 2956 349 3010 „et
374 2947 500 3016 episcopo
526 2963 586 2998 mco
614 2948 650 2999 sis
674 2957 768 3000 uuctor
792 2959 825 3002 ut
849 2949 902 3003 huc
927 2953 1019 3003 vcniat
1036 2969 1136 3022 meque

46 3022 166 3077 vinculis
187 3018 316 3071 exsolvat.
337 3033 399 3069 nam
418 3018 509 3067 allicio
526 3034 569 3069 me
587 3034 662 3069 sacro
684 3020 806 3083 exclusit,
827 3018 945 3090 ideoque
958 3022 1137 3076 sacrisinter-

47 3111 112 3147 esse
138 3090 276 3143 vobiscum
302 3104 418 3157 nequeo.
444 3088 592 3139 testimonii
608 3088 720 3158 quidem
743 3107 867 3143 coronam
890 3102 1051 3146 consecutus
1068 3113 1136 3159 suna,

46 3165 100 3218 sed
125 3162 170 3214 dei
196 3161 293 3212 faciem
317 3157 432 3210 necdum
458 3159 593 3227 conspexi.
624 3159 722 3229 quodsi
753 3177 795 3212 me
824 3162 882 3231 ipse
912 3164 1049 3231 proiectus
1083 3165 1137 3219 hue

46 3252 108 3289 nou
131 3232 284 3294 exsolverit,
303 3230 371 3282 alius
390 3228 528 3281 exsolvere
546 3247 625 3281 nemo
643 3232 769 3298 poterit.”
790 3249 849 3283 cum
869 3234 950 3301 igitur
967 3233 1010 3285 his
1030 3236 1138 3288 obtem.

47 3314 174 3377 peratum
195 3310 283 3364 esset,
302 3299 443 3369 sandapila
459 3299 560 3368 templo
578 3300 707 3352 excedere
724 3301 812 3354 desiit.
831 3313 912 3373 atque
931 3303 1000 3356 hanc
1018 3307 1053 3358 ob
1073 3324 1138 3359 cau.

48 3395 109 3429 sam
138 3374 190 3425 deo
209 3373 299 3424 cuncti
325 3372 437 3440 gloriam
454 3369 628 3433 tribuebant,
645 3372 693 3439 qui
720 3373 802 3428 servis
830 3375 886 3426 suis
904 3374 1035 3427 eiusmodi
1059 3387 1138 3446 pote.

49 3455 150 3500 atatem
171 3444 354 3495 concessisset„
398 3439 535 3493 lohannes
557 3441 667 3511 quidem
693 3453 784 3495 orator
808 3445 857 3496 ille
876 3462 970 3497 aureus
988 3445 1037 3498 hac
1053 3447 1087 3498 de
1109 3465 1139 3501 re

49 3516 144 3569 verbis
166 3512 322 3566 huiusmodi
340 3512 448 3565 disserit
472 3529 540 3575 „nos
559 3512 705 3563 secundum
733 3515 820 3582 legem
841 3523 924 3584 atque
943 3518 1138 3586 praescriptum

49 3585 265 3640 ecclesiasticum
284 3585 392 3636 vincula
410 3581 572 3653 quibusdam
589 3583 733 3640 lniicimus.
756 3600 787 3636 ea
806 3587 828 3651 si
848 3587 910 3655 quis
929 3586 1007 3638 flocci
1026 3589 1139 3657 pendit,

49 3660 75 3712 is
94 3659 162 3710 sciat
178 3655 272 3708 mortis
289 3663 371 3724 atque
391 3654 487 3705 iudicii
505 3661 611 3722 teinpus
632 3656 823 3723 appetiturum,
843 3656 918 3726 quod
938 3658 1025 3726 ipsum
1042 3657 1138 3715 doceat

49 3729 98 3781 dei
124 3742 274 3780 sermonem
303 3735 332 3777 et
355 3726 414 3778 eius
438 3723 567 3777 ecclesiae
591 3724 664 3794 leges
682 3727 792 3777 minime
818 3727 950 3780 falsasse
971 3727 1139 3785 mendaciter

50 3815 120 3852 exeo
140 3799 220 3850 itatas
240 3798 323 3848 esse.’'

122 3816 186 3920 ἐστι
202 3867 321 3919 Leonem
339 3864 413 3918 filius
430 3865 489 3918 eins
508 3864 717 3928 Constantinus,
740 3876 918 3935 cognomento
939 3868 976 3922 Co
998 3887 1138 3938 ronyraus,

49 3940 86 4006 34
105 3956 190 3994 annos
208 3939 349 4007 imperium
363 3939 460 3999 tenuit,
479 3952 511 3986 ex
529 3935 684 3987 saevissimo
704 3936 784 3988 leone
800 3947 908 3992 versuta
925 3886 1049 4009 pardalis.
1068 3944 1138 3995 nihil

48 4027 109 4064 non
128 4010 260 4062 scelerum
279 4009 308 4061 in
328 4025 360 4059 eo
378 4007 439 4059 luit.
457 4015 562 4058 sanctos
582 4004 634 4057 hoc
654 4007 765 4059 nomiae
788 4009 920 4078 appellari
940 4011 999 4079 lege
1020 4012 1074 4064 lata
1091 4030 1138 4065 re·

48 4083 122 4141 tuit3
149 4081 276 4150 reliquias
309 4096 401 4130 eorum
429 4077 542 4146 conspui
559 4075 654 4139 iussit3
676 4092 712 4127 ue
729 4078 790 4148 quis
808 4095 900 4131 eorum
918 4080 1137 4136 intercessionem

48 4152 189 4221 imploret,
202 4149 299 4203 edixit:
312 4147 382 4202 uiuit
395 4164 440 4202 eos
450 4148 579 4201 videlieet
587 4154 721 4218 praestare
735 4164 830 4219 posse,
848 4149 922 4220 quad
934 4154 1007 4205 anai
1018 4152 1138 4224 denique
