2700 4792
313 274 395 331 Μ
490 334 494 340 ,
652 265 866 331 uictimis
894 263 1059 329 GLYCllll

394 415 544 503 Πρόσεχε
568 416 682 480 λοιπόν.
725 409 800 480 ὅταν
815 411 947 499 μὲνγὰρ
967 410 1002 478 τό
1018 413 1189 494 λογιστικὸν
1209 406 1269 495 cipp

311 521 447 601 θόμενον
466 520 526 597 μὲν
546 512 645 603 ἑαυτῷ
661 512 696 580 ri
718 516 886 595 θυμοειδὲς
907 511 995 594 ἔχον,
1016 505 1148 585 ἀσθενὲς
1169 512 1206 574 δὲ
1226 536 1269 575 και

217 621 361 685 nimam
381 616 417 682 τὸ
440 613 674 697 ἐπιθυμητικόν,
692 605 765 678 οὔτε
787 607 959 687 ἀκόλαστος
977 610 994 676 o‘
1017 613 1156 685 τοιοῦτος
1169 612 1269 690 dioro

224 725 255 774 V.
266 728 297 794 87
310 745 343 783 ον
362 719 392 782 oi
416 713 527 802 λησταί
555 716 663 795 βιοῦσι
693 716 747 776 καί
779 712 950 795 τύραννοι,
971 703 1051 773 ἀλλὰ
1075 706 1190 790 σεμνὸς
1215 704 1269 772 ’πάν

309 817 436 889 δίκαιος.
479 815 534 876 καί
553 807 666 875 τούτου
687 808 784 894 χάριν
808 806 1020 894 α’μφιβοὶλλειν
1040 805 1078 870 ori
1098 807 1171 891 χρὴ.
1218 810 1269 887 εἰΙ

307 921 401 979 τοῦτο
422 906 469 996 ἦν,
494 915 524 976 εἰ
541 909 585 992 μη
609 911 641 986 ἒξ
661 912 760 993 ου’τῆς
772 909 827 992 τῆς
851 904 995 990 σώματος
1012 909 1210 989 κατασκευῆς
1227 898 1269 969 air

308 1013 369 1076 rinei
393 1013 506 1076 παθῶν
525 1005 660 1091 ἥττησο,
687 1009 801 1083 ἐκεῖνος
830 1009 866 1071 δὲ
887 1006 982 1071 πάλιν
1002 1004 1154 1090 ἐγκρατὴς
1177 1005 1269 1068 adrui:

309 1115 461 1196 ηαίνετο,
491 1111 547 1172 οὐκ
568 1101 606 1171 ἂν
632 1107 653 1195 ri
685 1111 784 1189 μέγας
803 1111 973 1182 Βασιλειος
995 1102 1052 1168 τὸν
1081 1104 1269 1190 αροφητηνῖ

308 1209 514 1292 ἐξηγούμενος
545 1210 650 1289 εἰσῆγέ
678 1229 767 1281 τινας
788 1207 822 1270 ἐκ
844 1202 972 1291 φύσεως
1002 1200 1133 1285 ἔχοντάς
1152 1226 1222 1267 τινα
1243 1229 1269 1274 ιι,

307 1335 394 1391 ματα
417 1311 474 1372 καί
491 1303 571 1370 κατά
591 1329 626 1388 γε
647 1303 703 1388 την
724 1304 889 1388 σύγκρισιν
909 1304 965 1385 τῆς
985 1299 1102 1387 σαρκὸς
1127 1305 1252 1367 πολλῶν

308 1431 420 1492 ροντας
441 1408 484 1482 εἰς
506 1404 671 1488 ἀνάληψιν
687 1405 861 1487 ἐπιστήμης
890 1397 912 1486 ἦ
932 1395 1064 1486 ἄσκησιν
1085 1395 1211 1486 αἱρετῆς.
1251 1403 1269 1466 ἐ

309 1498 365 1569 οὖν
389 1502 444 1569 καὶ
464 1502 614 1589 σώφρονα
644 1500 708 1567 idos
740 1526 788 1578 τις
819 1496 859 1566 ἄν
882 1500 937 1565 καί
964 1500 1157 1581 α’κόλαστον,
1188 1505 1269 1582 &ops

279 1606 433 1686 pupius,
458 1604 617 1687 ἐχέφρονα
643 1605 700 1665 καὶ
724 1598 769 1683 μὴ
792 1601 950 1681 τοιοῦτον,
987 1595 1092 1683 ὥσπερ
1120 1597 1159 1682 δη
1182 1604 1269 1665 καίτ

308 1706 448 1787 αρσσθεν
463 1699 597 1784 εἴρηται.
617 1703 718 1764 ταῦτα
739 1702 798 1780 μὲν
818 1693 875 1762 οὖν
889 1695 1020 1785 ,δύναιτ’
1042 1691 1081 1763 ἄν
1094 1723 1141 1772 τις
1162 1698 1216 1762 ἐπὶ
1234 1697 1269 1764 τό

307 1827 361 1867 τον
384 1803 575 1885 μεταφέρειν
594 1797 657 1863 ἀπὸ
678 1801 736 1862 τοῦ
753 1801 897 1882 χείρονος
905 1847 914 1879 ,
947 1799 1003 1861 καί
1022 1798 1075 1862 ἐπὶ
1094 1797 1130 1860 τὸ
1148 1807 1257 1881 χεῖρον

306 1904 471 1986 τατρέιιειν
500 1896 563 1963 sind
593 1902 650 1963 rori
669 1878 851 1982 ιιρέἡτονος.
902 1900 956 1962 καί
976 1898 1072 1980 δῆλον
1092 1900 1126 1975 ἐξ
1146 1889 1192 1961 ὧν
1212 1896 1269 1961 ὅθ

308 2001 339 2064 Γ
337 1995 482 2084 ρηγόριος
511 1996 614 2080 ἔλεγεν
643 1993 800 2080 „rigareris
826 1995 1015 2084 reinciperet
1044 1991 1187 2077 ἡκακία
1215 1999 1269 2060 eris

309 2099 344 2162 δὲ
368 2100 421 2161 δεῖ
438 2100 478 2184 τῇ
502 2095 597 2182 φλογὶ
619 2098 760 2170 πλείονος
780 2089 867 2177 ὕλης,
890 2097 935 2180 τῷ
955 2097 1057 2180 θηρίῳ
1078 2095 1268 2178 δαηιλεστὲρ

248 2253 262 2294 .
310 2201 393 2282 priv
414 2195 466 2260 iva
489 2193 699 2259 decredimus
718 2198 842 2277 γένηται
864 2192 920 2256 καί
939 2194 998 2257 τοῦ
1021 2193 1173 2274 λογισμοῦ
1192 2197 1269 2274 βιαιο

308 2295 446 2378 πρόσεχε
468 2287 525 2356 οὖν
546 2289 606 2356 ὅσα
624 2288 792 2373 βιάζονσιν
812 2288 948 2366 ἓαοτούς
969 2288 999 2353 oi
1019 2294 1163 2364 θέλοντες
1185 2294 1245 2373 μὲν

309 2402 382 2470 νεῖν,
405 2390 530 2473 ἔχοντες
553 2392 588 2454 δὲ
602 2389 636 2454 τὸ
659 2386 887 2473 ἐπιθυμητικὸν
901 2388 1052 2474 ἰσχυρόν·
1097 2385 1197 2472 ἡμὲν
1217 2390 1269 2475 γάρ

309 2489 347 2556 eri
369 2486 482 2572 ἑαυτῆς
501 2491 533 2568 ἐξ
553 2487 689 2574 α’νοὶγκης
704 2489 851 2575 ἐπιζητεῖ,
873 2486 890 2550 ὅ
914 2491 949 2553 di
964 2484 1105 2572 ἁγνεύειν
1128 2485 1269 2575 αἱρούμεν

385 2643 423 2680 ιο.
442 2625 623 2698 σύγκρασινΐ

381 2748 469 2818 Atque
483 2746 534 2798 hoc
550 2749 612 2800 loco
630 2747 698 2818 quid
715 2749 763 2800 sim
776 2747 896 2800 dicturus
907 2747 1084 2800 considerato.
1103 2765 1162 2799 eum
1182 2747 1268 2800 ration

227 2845 231 2851 ’
309 2827 352 2870 tas
369 2817 515 2887 imperium
530 2819 637 2871 obtinet
656 2820 737 2888 eique
754 2820 793 2869 vis
811 2819 951 2873 irascibilis
975 2828 1065 2888 paret,
1083 2828 1230 2887 appetente
1255 2819 1269 2869 d

312 2888 508 2958 summisseque
536 2907 564 2940 se
594 2898 718 2958 gerente,
747 2898 805 2942 turn
823 2907 885 2941 vero
913 2906 964 2940 nee
989 2890 1203 2958 intemperanter
1220 2889 1269 2939 hor

258 2959 267 2968 '
309 2966 394 3020 vernt,
412 2975 463 3008 nee
482 2959 649 3027 praedonum
675 2967 723 3010 aut
749 2967 922 3026 tyrannorum
939 2961 967 3011 in
985 2975 1099 3021 morem,
1119 2960 1167 3010 sed
1187 2959 1269 3011 hones

314 3029 441 3096 iustaque
466 3031 522 3080 vita
549 3030 664 3098 degitur.
682 3028 732 3080 hae
750 3029 783 3080 de
802 3047 829 3081 re
848 3029 967 3081 dubitari
993 3048 1048 3081 non
1067 3030 1157 3081 debet.
1177 3048 1268 3082 nams

311 3105 468 3166 comparata
489 3116 544 3150 non
569 3100 657 3164 soret,
674 3106 704 3150 et
721 3100 744 3151 si
762 3102 880 3170 eorporis
904 3103 933 3151 in
951 3100 1045 3152 eadem
1064 3109 1197 3152 structura
1215 3117 1269 3152 non

316 3167 481 3218 sectionibus
503 3168 574 3220 foret
590 3169 739 3233 obnoxius,
756 3170 804 3221 ille
826 3187 856 3222 se
875 3173 1042 3241 superiorem
1060 3172 1093 3222 iis
1112 3170 1262 3223 declararet

316 3254 396 3307 quam
413 3254 523 3306 magnus
541 3239 588 3290 ills
612 3240 727 3290 llasilius
744 3240 848 3292 Esaiam
869 3250 956 3293 vatem
976 3258 1100 3293 enarrans
1120 3241 1251 3311 quosdam

315 3307 481 3378 praecellere
507 3308 610 3360 diceret
639 3309 715 3373 aliis,
733 3320 763 3362 et
779 3313 863 3380 ipsius
881 3314 962 3362 etiarn
989 3313 1075 3363 carnis
1095 3314 1269 3382 comparatiot

314 3386 468 3450 praestare,
494 3381 551 3430 sive
571 3380 747 3432 inscientiae
771 3383 884 3434 alicuius
905 3385 1078 3451 perceptione
1098 3383 1154 3433 sive
1175 3385 1205 3434 in
1223 3384 1266 3434 cul

301 3451 361 3510 tis.
380 3448 443 3499 hine
460 3448 552 3500 videre
580 3459 621 3502 est
647 3453 733 3503 varios
751 3451 892 3515 homines,
926 3461 1107 3523 temperantes
1129 3462 1157 3505 et
1175 3455 1269 3523 intemp

317 3518 461 3571 iracundos
480 3529 508 3572 et
525 3521 623 3583 mites,
643 3522 790 3591 prudentes
816 3533 843 3576 et
862 3524 995 3587 stolidos,
1021 3532 1150 3594 utsupra
1169 3540 1269 3594 quoquc

317 3609 385 3642 naras.
406 3599 488 3660 atque
514 3589 581 3642 haec
597 3591 633 3642 de
659 3593 820 3645 condicione
848 3594 982 3645 deteriore
1003 3595 1031 3643 in
1048 3595 1146 3645 melius
1165 3606 1269 3646 commu

319 3670 398 3724 sunt,
416 3679 446 3712 ae
464 3662 579 3712 vicissim
599 3680 614 3712 a
632 3663 705 3714 bono
726 3665 754 3716 iu
772 3666 849 3732 peius
869 3665 935 3716 licet
956 3664 1108 3729 deflectere,
1125 3666 1269 3734 quemadm

320 3732 393 3783 hisee
415 3732 537 3801 Gregorii
562 3732 682 3801 theologi
712 3735 800 3786 verbis
827 3736 969 3804 perspicue
1001 3735 1187 3804 intelligimus.
1207 3739 1269 3789 satis

316 3803 397 3870 quit,
418 3804 524 3872 corpori
546 3821 593 3854 sua
609 3805 750 3856 vitiositas.
767 3821 815 3855 cur
834 3805 953 3856 flammae
973 3807 1098 3857 materies
1117 3807 1234 3876 amplior
1252 3826 1269 3859 ιι

321 3871 387 3922 tur?
408 3889 455 3922 eur
475 3873 540 3924 huie
556 3874 667 3925 belluas
687 3877 879 3927 nutrimentum
898 3875 1014 3944 largius?
1043 3884 1074 3927 ut
1095 3877 1267 3930 intractabili

320 3941 371 3992 irat
386 3958 416 3992 ac
434 3945 564 3995 rationem
582 3944 712 3995 violentia
729 3962 777 3996 sua
792 3954 908 4016 superet.
925 3947 1042 3998 animum
1061 3948 1144 4015 igitur
1155 3949 1269 4002 advertit

321 4019 378 4061 tarn
397 4012 449 4062 sibi
474 4015 527 4064 vim
547 4014 812 4068 adieranthomines
831 4018 915 4086 liqui
935 4016 1004 4086 frugi
1025 4017 1135 4088 quidem
1153 4035 1215 4072 esse
1235 4039 1268 4072 cu

320 4088 433 4150 tamque
450 4084 596 4151 angelicam
624 4084 739 4149 imitari,
761 4104 851 4138 verum
876 4087 1031 4139 facultatem
1050 4096 1229 4158 appetentem
1249 4092 1269 4144 ir

322 4151 385 4204 dam
404 4154 524 4206 sentiunt
544 4156 653 4224 (etenim
667 4167 763 4209 natura
782 4159 896 4228 requirit
914 4175 945 4210 ea
963 4175 1040 4230 quasv
1052 4178 1100 4213 aua
1119 4171 1198 4230 sunt;
1217 4165 1269 4216 cuis
