<?xml version="1.0" encoding="UTF-8"?>
<!DOCTYPE html PUBLIC "-//W3C//DTD XHTML 1.0 Transitional//EN"
    "http://www.w3.org/TR/xhtml1/DTD/xhtml1-transitional.dtd">
<html xmlns="http://www.w3.org/1999/xhtml" xml:lang="en" lang="en">
 <head>
  <title>
</title>
<meta http-equiv="Content-Type" content="text/html;charset=utf-8" />
  <meta name='ocr-system' content='tesseract 3.04.00' />
  <meta name='ocr-capabilities' content='ocr_page ocr_carea ocr_par ocr_line ocrx_word'/>
</head>
<body>
  <div class='ocr_page' id='page_1' title='image "./michaelisglycae00glycgoog/michaelisglycae00glycgoog_0079.png"; bbox 0 0 2766 4800; ppageno 0'>
   <div class='ocr_carea' id='block_1_1' title="bbox 228 91 967 181">
    <p class='ocr_par' dir='ltr' id='par_1_1' title="bbox 228 91 967 181">
     <span class='ocr_line' id='line_1_1' title="bbox 228 91 967 181; baseline 0.011 -9"><span class='ocrx_word' id='word_1_1' title='bbox 228 91 282 172; x_wconf 83' lang='lat'><strong>56</strong></span> <span class='ocrx_word' id='word_1_2' title='bbox 564 118 779 181; x_wconf 73' lang='lat' dir='ltr'><strong>minumus</strong></span> <span class='ocrx_word' id='word_1_3' title='bbox 806 114 967 180; x_wconf 71' lang='lat' dir='ltr'><strong>oureus</strong></span> 
     </span>
    </p>
   </div>
   <div class='ocr_carea' id='block_1_2' title="bbox 140 262 1370 2349">
    <p class='ocr_par' dir='ltr' id='par_1_2' title="bbox 308 262 1311 356">
     <span class='ocr_line' id='line_1_2' title="bbox 308 262 1311 356; baseline -0.005 -20"><span class='ocrx_word' id='word_1_4' title='bbox 308 268 545 356; x_wconf 81' lang='grc' dir='ltr'><strong><em>Προγινάσκτιν</em></strong></span> <span class='ocrx_word' id='word_1_5' title='bbox 573 275 631 351; x_wconf 82' lang='grc' dir='ltr'><strong><em>μὲν</em></strong></span> <span class='ocrx_word' id='word_1_6' title='bbox 659 262 715 334; x_wconf 82' lang='grc' dir='ltr'><strong><em>σάν</em></strong></span> <span class='ocrx_word' id='word_1_7' title='bbox 744 268 799 334; x_wconf 89' lang='grc' dir='ltr'><strong>καί</strong></span> <span class='ocrx_word' id='word_1_8' title='bbox 824 271 976 354; x_wconf 81' lang='grc' dir='ltr'><strong><em>άμυάρῶς</em></strong></span> <span class='ocrx_word' id='word_1_9' title='bbox 1000 271 1057 334; x_wconf 79' lang='grc' dir='ltr'><strong>τοῦ</strong></span> <span class='ocrx_word' id='word_1_10' title='bbox 1087 271 1255 350; x_wconf 78' lang='grc' dir='ltr'><strong><em>μέλλοντος</em></strong></span> <span class='ocrx_word' id='word_1_11' title='bbox 1275 264 1311 331; x_wconf 82' lang='grc' dir='ltr'><strong>ἔκ</strong></span> 
     </span>
    </p>

    <p class='ocr_par' dir='ltr' id='par_1_3' title="bbox 226 363 1311 455">
     <span class='ocr_line' id='line_1_3' title="bbox 226 363 1311 455; baseline -0.006 -19"><span class='ocrx_word' id='word_1_12' title='bbox 226 396 319 437; x_wconf 87' lang='grc' dir='ltr'><strong><em>τινων</em></strong></span> <span class='ocrx_word' id='word_1_13' title='bbox 339 369 480 455; x_wconf 84' lang='grc' dir='ltr'><strong><em>σημείων</em></strong></span> <span class='ocrx_word' id='word_1_14' title='bbox 500 370 811 453; x_wconf 74' lang='grc' dir='ltr'><strong><em>καταστοχάζεσθαι,</em></strong></span> <span class='ocrx_word' id='word_1_15' title='bbox 848 366 925 434; x_wconf 83' lang='grc' dir='ltr'><strong><em>άνευ</em></strong></span> <span class='ocrx_word' id='word_1_16' title='bbox 948 369 1127 452; x_wconf 68' lang='grc' dir='ltr'><strong><em>ἀντιλογίας</em></strong></span> <span class='ocrx_word' id='word_1_17' title='bbox 1147 368 1203 432; x_wconf 87' lang='grc' dir='ltr'><strong>καί</strong></span> <span class='ocrx_word' id='word_1_18' title='bbox 1220 363 1311 449; x_wconf 74' lang='grc' dir='ltr'><strong><em>ἡμεῖς</em></strong></span> 
     </span>
    </p>

    <p class='ocr_par' dir='ltr' id='par_1_4' title="bbox 140 462 1312 553">
     <span class='ocr_line' id='line_1_4' title="bbox 140 462 1312 553; baseline -0.008 -14"><span class='ocrx_word' id='word_1_19' title='bbox 140 489 172 544; x_wconf 86' lang='lat' dir='ltr'><strong>v.</strong></span> <span class='ocrx_word' id='word_1_20' title='bbox 183 492 215 542; x_wconf 80' lang='lat'><strong>23</strong></span> <span class='ocrx_word' id='word_1_21' title='bbox 225 476 318 538; x_wconf 79' lang='grc' dir='ltr'><strong><em>τοῦτο</em></strong></span> <span class='ocrx_word' id='word_1_22' title='bbox 344 473 591 552; x_wconf 75' lang='grc' dir='ltr'><strong><em>κατατιθὲμεθα.</em></strong></span> <span class='ocrx_word' id='word_1_23' title='bbox 643 470 736 535; x_wconf 81' lang='grc' dir='ltr'><strong><em>οάδὲν</em></strong></span> <span class='ocrx_word' id='word_1_24' title='bbox 765 466 827 553; x_wconf 89' lang='grc' dir='ltr'><strong>γάρ</strong></span> <span class='ocrx_word' id='word_1_25' title='bbox 847 467 901 532; x_wconf 75' lang='grc' dir='ltr'><strong>ἐπί</strong></span> <span class='ocrx_word' id='word_1_26' title='bbox 933 466 1101 553; x_wconf 70' lang='grc' dir='ltr'><strong><em>προδήλοις</em></strong></span> <span class='ocrx_word' id='word_1_27' title='bbox 1124 462 1210 530; x_wconf 78' lang='grc' dir='ltr'><strong><em>οάτω</em></strong></span> <span class='ocrx_word' id='word_1_28' title='bbox 1232 463 1312 550; x_wconf 86' lang='grc' dir='ltr'><strong><em>πρά-</em></strong></span> 
     </span>
    </p>

    <p class='ocr_par' dir='ltr' id='par_1_5' title="bbox 223 562 1312 656">
     <span class='ocr_line' id='line_1_5' title="bbox 223 562 1312 656; baseline -0.006 -19"><span class='ocrx_word' id='word_1_29' title='bbox 223 595 341 656; x_wconf 89' lang='grc' dir='ltr'><strong><em>γμασιν</em></strong></span> <span class='ocrx_word' id='word_1_30' title='bbox 361 572 554 636; x_wconf 83' lang='grc' dir='ltr'><strong><em>άντιπίπτειν</em></strong></span> <span class='ocrx_word' id='word_1_31' title='bbox 575 571 630 635; x_wconf 79' lang='lat' dir='ltr'><strong>tm·</strong></span> <span class='ocrx_word' id='word_1_32' title='bbox 650 570 743 633; x_wconf 75' lang='grc' dir='ltr'><strong><em>πλέον</em></strong></span> <span class='ocrx_word' id='word_1_33' title='bbox 764 568 926 651; x_wconf 75' lang='grc' dir='ltr'><strong><em>ι’σχάομευ.</em></strong></span> <span class='ocrx_word' id='word_1_34' title='bbox 968 569 999 632; x_wconf 83' lang='grc' dir='ltr'><strong>εἰ</strong></span> <span class='ocrx_word' id='word_1_35' title='bbox 1015 564 1076 652; x_wconf 87' lang='grc' dir='ltr'><strong>γάρ</strong></span> <span class='ocrx_word' id='word_1_36' title='bbox 1099 570 1154 631; x_wconf 91' lang='grc' dir='ltr'><strong>καί</strong></span> <span class='ocrx_word' id='word_1_37' title='bbox 1170 562 1312 650; x_wconf 75' lang='grc' dir='ltr'><strong><em>ἥμαρτεν</em></strong></span> 
     </span>
    </p>

    <p class='ocr_par' dir='ltr' id='par_1_6' title="bbox 222 663 1338 760">
     <span class='ocr_line' id='line_1_6' title="bbox 222 663 1338 760; baseline -0.01 -24"><span class='ocrx_word' id='word_1_38' title='bbox 222 676 258 737; x_wconf 69' lang='grc' dir='ltr'><strong><em>ἐν</em></strong></span> <span class='ocrx_word' id='word_1_39' title='bbox 277 673 459 760; x_wconf 74' lang='grc' dir='ltr'><strong><em>παραδείσῳ</em></strong></span> <span class='ocrx_word' id='word_1_40' title='bbox 480 668 499 734; x_wconf 79' lang='grc' dir='ltr'><em>ὅ</em></span> <span class='ocrx_word' id='word_1_41' title='bbox 522 663 707 754; x_wconf 71' lang='grc' dir='ltr'><strong><em>ἅνθρωπος,</em></strong></span> <span class='ocrx_word' id='word_1_42' title='bbox 742 669 773 732; x_wconf 82' lang='grc' dir='ltr'><strong>εἰ</strong></span> <span class='ocrx_word' id='word_1_43' title='bbox 792 670 847 732; x_wconf 85' lang='grc' dir='ltr'><strong>καί</strong></span> <span class='ocrx_word' id='word_1_44' title='bbox 869 666 904 731; x_wconf 86' lang='grc' dir='ltr'>τὸ</span> <span class='ocrx_word' id='word_1_45' title='bbox 927 669 1023 733; x_wconf 73' lang='grc' dir='ltr'><strong><em>δοθὲν</em></strong></span> <span class='ocrx_word' id='word_1_46' title='bbox 1043 667 1131 754; x_wconf 79' lang='grc' dir='ltr'><strong><em>αάτῷ</em></strong></span> <span class='ocrx_word' id='word_1_47' title='bbox 1151 673 1338 752; x_wconf 81' lang='grc' dir='ltr'><strong><em>προφητι.5</em></strong></span> 
     </span>
    </p>

    <p class='ocr_par' dir='ltr' id='par_1_7' title="bbox 224 760 1314 856">
     <span class='ocr_line' id='line_1_7' title="bbox 224 760 1314 856; baseline -0.002 -23"><span class='ocrx_word' id='word_1_48' title='bbox 224 769 279 836; x_wconf 81' lang='grc' dir='ltr'><strong><em>κάν</em></strong></span> <span class='ocrx_word' id='word_1_49' title='bbox 297 776 442 856; x_wconf 78' lang='grc' dir='ltr'><strong><em>χάρισμα</em></strong></span> <span class='ocrx_word' id='word_1_50' title='bbox 476 768 607 851; x_wconf 79' lang='grc' dir='ltr'><strong><em>πάμπαν</em></strong></span> <span class='ocrx_word' id='word_1_51' title='bbox 643 767 822 848; x_wconf 80' lang='grc' dir='ltr'><strong><em>άπάλεσεν,</em></strong></span> <span class='ocrx_word' id='word_1_52' title='bbox 852 769 920 832; x_wconf 86' lang='grc' dir='ltr'><strong><em>άλλ’</em></strong></span> <span class='ocrx_word' id='word_1_53' title='bbox 943 768 1000 830; x_wconf 84' lang='grc' dir='ltr'><strong>οάκ</strong></span> <span class='ocrx_word' id='word_1_54' title='bbox 1033 767 1154 853; x_wconf 86' lang='grc' dir='ltr'><strong><em>άφήκεν</em></strong></span> <span class='ocrx_word' id='word_1_55' title='bbox 1177 760 1314 831; x_wconf 82' lang='grc' dir='ltr'><strong><em>ου’τόνὸ</em></strong></span> 
     </span>
    </p>

    <p class='ocr_par' dir='ltr' id='par_1_8' title="bbox 152 861 1315 954">
     <span class='ocr_line' id='line_1_8' title="bbox 152 861 1315 954; baseline -0.011 -17"><span class='ocrx_word' id='word_1_56' title='bbox 152 883 161 899; x_wconf 84' lang='grc'><em>·</em></span> <span class='ocrx_word' id='word_1_57' title='bbox 194 871 450 954; x_wconf 74' lang='grc' dir='ltr'><strong><em>ὒπανσικτίρμων</em></strong></span> <span class='ocrx_word' id='word_1_58' title='bbox 474 866 550 944; x_wconf 72' lang='grc' dir='ltr'><strong><em>θεὸς</em></strong></span> <span class='ocrx_word' id='word_1_59' title='bbox 577 877 644 942; x_wconf 79' lang='grc' dir='ltr'><strong><em>τοῖς</em></strong></span> <span class='ocrx_word' id='word_1_60' title='bbox 679 861 822 952; x_wconf 85' lang='grc' dir='ltr'><strong><em>άνοήτοις</em></strong></span> <span class='ocrx_word' id='word_1_61' title='bbox 849 866 971 951; x_wconf 78' lang='grc' dir='ltr'><strong><em>κτήνεσι</em></strong></span> <span class='ocrx_word' id='word_1_62' title='bbox 990 869 1094 932; x_wconf 79' lang='grc' dir='ltr'><strong><em>τέλεον</em></strong></span> <span class='ocrx_word' id='word_1_63' title='bbox 1109 862 1315 948; x_wconf 61' lang='grc' dir='ltr'><strong><em>παραβάλλοι</em></strong></span> 
     </span>
    </p>

    <p class='ocr_par' dir='ltr' id='par_1_9' title="bbox 223 958 1314 1058">
     <span class='ocr_line' id='line_1_9' title="bbox 223 958 1314 1058; baseline -0.006 -21"><span class='ocrx_word' id='word_1_64' title='bbox 223 976 310 1037; x_wconf 80' lang='grc' dir='ltr'><strong><em>σθαι.</em></strong></span> <span class='ocrx_word' id='word_1_65' title='bbox 365 973 416 1056; x_wconf 77' lang='grc' dir='ltr'><strong>ἐφ’</strong></span> <span class='ocrx_word' id='word_1_66' title='bbox 443 958 468 1058; x_wconf 79' lang='grc' dir='ltr'><em>ᾧ</em></span> <span class='ocrx_word' id='word_1_67' title='bbox 498 967 554 1033; x_wconf 83' lang='grc' dir='ltr'><strong>καί</strong></span> <span class='ocrx_word' id='word_1_68' title='bbox 580 966 695 1053; x_wconf 82' lang='grc' dir='ltr'><strong><em>σημεῖά</em></strong></span> <span class='ocrx_word' id='word_1_69' title='bbox 726 991 796 1032; x_wconf 88' lang='grc' dir='ltr'><strong><em>τινα</em></strong></span> <span class='ocrx_word' id='word_1_70' title='bbox 824 968 935 1032; x_wconf 81' lang='grc' dir='ltr'><strong><em>άίάουσι</em></strong></span> <span class='ocrx_word' id='word_1_71' title='bbox 962 969 1021 1031; x_wconf 80' lang='lat' dir='ltr'><strong>rori</strong></span> <span class='ocrx_word' id='word_1_72' title='bbox 1051 969 1191 1052; x_wconf 84' lang='grc' dir='ltr'><strong><em>προορᾶν</em></strong></span> <span class='ocrx_word' id='word_1_73' title='bbox 1209 967 1314 1030; x_wconf 71' lang='grc' dir='ltr'><strong><em>ἕνεκεν</em></strong></span> 
     </span>
    </p>

    <p class='ocr_par' dir='ltr' id='par_1_10' title="bbox 223 1057 1370 1254">
     <span class='ocr_line' id='line_1_10' title="bbox 223 1057 1316 1156; baseline -0.008 -19"><span class='ocrx_word' id='word_1_74' title='bbox 223 1069 309 1137; x_wconf 84' lang='grc' dir='ltr'><strong><em>ἔστιν</em></strong></span> <span class='ocrx_word' id='word_1_75' title='bbox 330 1063 381 1135; x_wconf 80' lang='grc' dir='ltr'><strong>ὅτε</strong></span> <span class='ocrx_word' id='word_1_76' title='bbox 403 1065 444 1132; x_wconf 89' lang='grc' dir='ltr'><strong>τά</strong></span> <span class='ocrx_word' id='word_1_77' title='bbox 463 1070 617 1150; x_wconf 81' lang='grc' dir='ltr'><strong><em>μέλλοντα</em></strong></span> <span class='ocrx_word' id='word_1_78' title='bbox 637 1067 810 1133; x_wconf 80' lang='grc' dir='ltr'><strong><em>κάντεῦθεν</em></strong></span> <span class='ocrx_word' id='word_1_79' title='bbox 827 1062 933 1156; x_wconf 75' lang='grc' dir='ltr'><strong><em>ἑαυτῷ</em></strong></span> <span class='ocrx_word' id='word_1_80' title='bbox 946 1070 1180 1150; x_wconf 75' lang='grc' dir='ltr'><strong><em>περιποιεῖσθαι</em></strong></span> <span class='ocrx_word' id='word_1_81' title='bbox 1201 1057 1316 1152; x_wconf 67' lang='lat' dir='ltr'><strong>clope-</strong></span> 
     </span>
     <span class='ocr_line' id='line_1_11' title="bbox 223 1163 1370 1254; baseline -0.006 -19"><span class='ocrx_word' id='word_1_82' title='bbox 223 1177 323 1235; x_wconf 83' lang='grc' dir='ltr'><strong><em>λειαν.</em></strong></span> <span class='ocrx_word' id='word_1_83' title='bbox 372 1164 429 1231; x_wconf 86' lang='grc' dir='ltr'><strong>καί</strong></span> <span class='ocrx_word' id='word_1_84' title='bbox 452 1164 487 1233; x_wconf 86' lang='grc' dir='ltr'><strong>τί</strong></span> <span class='ocrx_word' id='word_1_85' title='bbox 512 1163 575 1252; x_wconf 80' lang='grc' dir='ltr'><strong>χρή</strong></span> <span class='ocrx_word' id='word_1_86' title='bbox 596 1164 695 1232; x_wconf 87' lang='grc' dir='ltr'><strong><em>πολλά</em></strong></span> <span class='ocrx_word' id='word_1_87' title='bbox 717 1168 838 1251; x_wconf 78' lang='grc' dir='ltr'><strong><em>λε’γεινς</em></strong></span> <span class='ocrx_word' id='word_1_88' title='bbox 868 1163 898 1231; x_wconf 77' lang='grc' dir='ltr'><strong>οἱ</strong></span> <span class='ocrx_word' id='word_1_89' title='bbox 919 1167 953 1231; x_wconf 73' lang='grc' dir='ltr'><strong><em>ἐν</em></strong></span> <span class='ocrx_word' id='word_1_90' title='bbox 970 1167 1014 1254; x_wconf 73' lang='grc' dir='ltr'><strong>τῷ</strong></span> <span class='ocrx_word' id='word_1_91' title='bbox 1030 1164 1102 1249; x_wconf 80' lang='grc' dir='ltr'><strong><em>α’ίρι</em></strong></span> <span class='ocrx_word' id='word_1_92' title='bbox 1124 1163 1370 1252; x_wconf 68' lang='grc' dir='ltr'><strong><em>φαινόμενοιια·</em></strong></span> 
     </span>
    </p>

    <p class='ocr_par' dir='ltr' id='par_1_11' title="bbox 222 1259 1316 1357">
     <span class='ocr_line' id='line_1_12' title="bbox 222 1259 1316 1357; baseline -0.005 -23"><span class='ocrx_word' id='word_1_93' title='bbox 222 1273 355 1354; x_wconf 80' lang='grc' dir='ltr'><strong><em>κομῆται</em></strong></span> <span class='ocrx_word' id='word_1_94' title='bbox 378 1270 459 1357; x_wconf 77' lang='grc' dir='ltr'><strong><em>λόγῳ</em></strong></span> <span class='ocrx_word' id='word_1_95' title='bbox 490 1271 550 1349; x_wconf 75' lang='grc' dir='ltr'><strong><em>μὲν</em></strong></span> <span class='ocrx_word' id='word_1_96' title='bbox 576 1269 701 1354; x_wconf 74' lang='grc' dir='ltr'><strong><em>φυσικῷ</em></strong></span> <span class='ocrx_word' id='word_1_97' title='bbox 729 1264 948 1347; x_wconf 88' lang='grc' dir='ltr'><strong><em>συνίστανται,</em></strong></span> <span class='ocrx_word' id='word_1_98' title='bbox 975 1261 1134 1340; x_wconf 74' lang='grc' dir='ltr'><strong><em>θανάτους</em></strong></span> <span class='ocrx_word' id='word_1_99' title='bbox 1166 1266 1203 1328; x_wconf 79' lang='lat' dir='ltr'><strong>‹tt</strong></span> <span class='ocrx_word' id='word_1_100' title='bbox 1225 1259 1316 1345; x_wconf 80' lang='grc' dir='ltr'><strong><em>ὅμως</em></strong></span> 
     </span>
    </p>

    <p class='ocr_par' dir='ltr' id='par_1_12' title="bbox 223 1361 1314 1453">
     <span class='ocr_line' id='line_1_13' title="bbox 223 1361 1314 1453; baseline -0.005 -21"><span class='ocrx_word' id='word_1_101' title='bbox 223 1363 422 1452; x_wconf 81' lang='grc' dir='ltr'><strong><em>βασιλέωνή</em></strong></span> <span class='ocrx_word' id='word_1_102' title='bbox 449 1369 506 1432; x_wconf 92' lang='grc' dir='ltr'><strong>καί</strong></span> <span class='ocrx_word' id='word_1_103' title='bbox 530 1365 705 1453; x_wconf 82' lang='grc' dir='ltr'><strong><em>προσώπων</em></strong></span> <span class='ocrx_word' id='word_1_104' title='bbox 732 1368 893 1452; x_wconf 70' lang='grc' dir='ltr'><strong><em>ἐπιφανῶν</em></strong></span> <span class='ocrx_word' id='word_1_105' title='bbox 925 1368 1204 1448; x_wconf 77' lang='grc' dir='ltr'><strong><em>καταγγέλλουσιν,</em></strong></span> <span class='ocrx_word' id='word_1_106' title='bbox 1229 1361 1314 1442; x_wconf 70' lang='lat' dir='ltr'><strong>nigri</strong></span> 
     </span>
    </p>

    <p class='ocr_par' dir='ltr' id='par_1_13' title="bbox 223 1461 1316 1553">
     <span class='ocr_line' id='line_1_14' title="bbox 223 1461 1316 1553; baseline -0.003 -22"><span class='ocrx_word' id='word_1_107' title='bbox 223 1470 321 1550; x_wconf 85' lang='grc' dir='ltr'><strong><em>μέγας</em></strong></span> <span class='ocrx_word' id='word_1_108' title='bbox 339 1465 401 1553; x_wconf 83' lang='grc' dir='ltr'><strong>ἔφη</strong></span> <span class='ocrx_word' id='word_1_109' title='bbox 423 1470 477 1532; x_wconf 87' lang='grc' dir='ltr'><strong>καί</strong></span> <span class='ocrx_word' id='word_1_110' title='bbox 498 1465 742 1552; x_wconf 84' lang='grc' dir='ltr'><strong><em>οάρανοφάυτωρ</em></strong></span> <span class='ocrx_word' id='word_1_111' title='bbox 764 1467 941 1541; x_wconf 82' lang='grc' dir='ltr'><strong><em>Βαάίλειος.</em></strong></span> <span class='ocrx_word' id='word_1_112' title='bbox 983 1461 1064 1530; x_wconf 77' lang='lat' dir='ltr'><strong>silini</strong></span> <span class='ocrx_word' id='word_1_113' title='bbox 1087 1463 1143 1529; x_wconf 86' lang='grc' dir='ltr'><strong>καί</strong></span> <span class='ocrx_word' id='word_1_114' title='bbox 1166 1462 1316 1547; x_wconf 78' lang='grc' dir='ltr'><strong><em>αάχμιὸν,</em></strong></span> 
     </span>
    </p>

    <p class='ocr_par' dir='ltr' id='par_1_14' title="bbox 196 1563 1370 2048">
     <span class='ocr_line' id='line_1_15' title="bbox 196 1563 1314 1650; baseline 0.001 -19"><span class='ocrx_word' id='word_1_115' title='bbox 196 1564 199 1567; x_wconf 66' lang='grc'><strong>’</strong></span> <span class='ocrx_word' id='word_1_116' title='bbox 222 1567 308 1632; x_wconf 71' lang='grc' dir='ltr'><strong><em>ἔστιν</em></strong></span> <span class='ocrx_word' id='word_1_117' title='bbox 339 1563 389 1631; x_wconf 83' lang='grc' dir='ltr'><strong>ὅτε</strong></span> <span class='ocrx_word' id='word_1_118' title='bbox 410 1568 534 1650; x_wconf 81' lang='grc' dir='ltr'><strong><em>άυέμοον</em></strong></span> <span class='ocrx_word' id='word_1_119' title='bbox 554 1563 584 1631; x_wconf 79' lang='grc' dir='ltr'><strong>οἱ</strong></span> <span class='ocrx_word' id='word_1_120' title='bbox 604 1568 739 1631; x_wconf 82' lang='grc' dir='ltr'><strong><em>τοιοῦτοι</em></strong></span> <span class='ocrx_word' id='word_1_121' title='bbox 768 1567 954 1647; x_wconf 83' lang='grc' dir='ltr'><strong><em>άηλωτικσί,</em></strong></span> <span class='ocrx_word' id='word_1_122' title='bbox 978 1564 1011 1630; x_wconf 82' lang='grc' dir='ltr'><strong>ολ</strong></span> <span class='ocrx_word' id='word_1_123' title='bbox 1026 1568 1083 1630; x_wconf 86' lang='grc' dir='ltr'><strong>καί</strong></span> <span class='ocrx_word' id='word_1_124' title='bbox 1102 1567 1231 1629; x_wconf 71' lang='grc' dir='ltr'><strong><em>δοκοῦσι</em></strong></span> <span class='ocrx_word' id='word_1_125' title='bbox 1252 1568 1314 1646; x_wconf 80' lang='grc' dir='ltr'><strong><em>μὲν</em></strong></span> 
     </span>
     <span class='ocr_line' id='line_1_16' title="bbox 223 1662 1370 1753; baseline -0.002 -23"><span class='ocrx_word' id='word_1_126' title='bbox 223 1662 303 1732; x_wconf 80' lang='grc' dir='ltr'><strong><em>εἶναι</em></strong></span> <span class='ocrx_word' id='word_1_127' title='bbox 326 1662 478 1753; x_wconf 83' lang='grc' dir='ltr'><strong><em>άπτέρες,</em></strong></span> <span class='ocrx_word' id='word_1_128' title='bbox 500 1667 558 1730; x_wconf 87' lang='grc' dir='ltr'><strong>οάκ</strong></span> <span class='ocrx_word' id='word_1_129' title='bbox 576 1667 642 1732; x_wconf 79' lang='grc' dir='ltr'><strong><em>εἰσί</em></strong></span> <span class='ocrx_word' id='word_1_130' title='bbox 661 1666 709 1730; x_wconf 78' lang='grc' dir='ltr'><strong>δέ.</strong></span> <span class='ocrx_word' id='word_1_131' title='bbox 752 1664 819 1740; x_wconf 78' lang='grc' dir='ltr'><strong>πῶς</strong></span> <span class='ocrx_word' id='word_1_132' title='bbox 841 1667 897 1731; x_wconf 84' lang='grc' dir='ltr'><strong>καί</strong></span> <span class='ocrx_word' id='word_1_133' title='bbox 916 1662 997 1750; x_wconf 80' lang='grc' dir='ltr'><strong><em>γάρ;</em></strong></span> <span class='ocrx_word' id='word_1_134' title='bbox 1012 1662 1083 1748; x_wconf 83' lang='grc' dir='ltr'><strong><em>είγε</em></strong></span> <span class='ocrx_word' id='word_1_135' title='bbox 1104 1664 1310 1731; x_wconf 84' lang='grc' dir='ltr'><strong><em>συνίστανται</em></strong></span> <span class='ocrx_word' id='word_1_136' title='bbox 1323 1666 1370 1729; x_wconf 59' lang='lat'><strong>154</strong></span> 
     </span>
     <span class='ocr_line' id='line_1_17' title="bbox 221 1760 1312 1851; baseline -0.003 -21"><span class='ocrx_word' id='word_1_137' title='bbox 221 1765 365 1849; x_wconf 70' lang='grc' dir='ltr'><strong><em>μέν,,οά</em></strong></span> <span class='ocrx_word' id='word_1_138' title='bbox 396 1769 615 1851; x_wconf 78' lang='grc' dir='ltr'><strong><em>παραμένουσι</em></strong></span> <span class='ocrx_word' id='word_1_139' title='bbox 645 1765 698 1830; x_wconf 76' lang='grc' dir='ltr'><strong>δέ·</strong></span> <span class='ocrx_word' id='word_1_140' title='bbox 746 1766 802 1847; x_wconf 81' lang='grc' dir='ltr'><strong>τῆς</strong></span> <span class='ocrx_word' id='word_1_141' title='bbox 822 1762 883 1850; x_wconf 85' lang='grc' dir='ltr'><strong>γάρ</strong></span> <span class='ocrx_word' id='word_1_142' title='bbox 905 1760 985 1848; x_wconf 79' lang='grc' dir='ltr'><strong><em>άλης</em></strong></span> <span class='ocrx_word' id='word_1_143' title='bbox 1005 1767 1049 1850; x_wconf 75' lang='grc' dir='ltr'><strong>τῷ</strong></span> <span class='ocrx_word' id='word_1_144' title='bbox 1069 1762 1149 1848; x_wconf 87' lang='grc' dir='ltr'><strong><em>πυρί</em></strong></span> <span class='ocrx_word' id='word_1_145' title='bbox 1168 1765 1312 1848; x_wconf 80' lang='grc' dir='ltr'><strong><em>δαπανη-</em></strong></span> 
     </span>
     <span class='ocr_line' id='line_1_18' title="bbox 221 1856 1340 1954; baseline 0 -24"><span class='ocrx_word' id='word_1_146' title='bbox 221 1869 351 1951; x_wconf 75' lang='grc' dir='ltr'><strong><em>θείσης,</em></strong></span> <span class='ocrx_word' id='word_1_147' title='bbox 374 1869 415 1931; x_wconf 83' lang='grc' dir='ltr'><strong><em>δι’</em></strong></span> <span class='ocrx_word' id='word_1_148' title='bbox 449 1857 487 1950; x_wconf 81' lang='grc' dir='ltr'><strong>ἧς</strong></span> <span class='ocrx_word' id='word_1_149' title='bbox 512 1863 530 1930; x_wconf 76' lang='grc' dir='ltr'>ὁ</span> <span class='ocrx_word' id='word_1_150' title='bbox 553 1864 685 1951; x_wconf 83' lang='grc' dir='ltr'><strong><em>κομήτης</em></strong></span> <span class='ocrx_word' id='word_1_151' title='bbox 705 1865 905 1950; x_wconf 75' lang='grc' dir='ltr'><strong><em>συνέστηκεν,</em></strong></span> <span class='ocrx_word' id='word_1_152' title='bbox 936 1861 1124 1948; x_wconf 71' lang='grc' dir='ltr'><strong><em>ἐξάνάγκης</em></strong></span> <span class='ocrx_word' id='word_1_153' title='bbox 1144 1862 1200 1929; x_wconf 87' lang='grc' dir='ltr'><strong>καί</strong></span> <span class='ocrx_word' id='word_1_154' title='bbox 1218 1856 1340 1954; x_wconf 75' lang='grc' dir='ltr'><strong>οὗτοςΙ</strong></span> 
     </span>
     <span class='ocr_line' id='line_1_19' title="bbox 222 1964 620 2048; baseline -0.005 -16"><span class='ocrx_word' id='word_1_155' title='bbox 222 1967 427 2048; x_wconf 73' lang='grc' dir='ltr'><strong><em>σβεννύμενος</em></strong></span> <span class='ocrx_word' id='word_1_156' title='bbox 446 1964 620 2031; x_wconf 74' lang='grc' dir='ltr'><strong><em>διαλύεται.</em></strong></span> 
     </span>
    </p>

    <p class='ocr_par' dir='ltr' id='par_1_15' title="bbox 191 2059 1370 2349">
     <span class='ocr_line' id='line_1_20' title="bbox 191 2059 1313 2151; baseline -0.002 -18"><span class='ocrx_word' id='word_1_157' title='bbox 191 2081 215 2133; x_wconf 88' lang='lat' dir='ltr'>D</span> <span class='ocrx_word' id='word_1_158' title='bbox 302 2065 393 2133; x_wconf 71' lang='lat' dir='ltr'><strong>’Ait’</strong></span> <span class='ocrx_word' id='word_1_159' title='bbox 411 2059 472 2150; x_wconf 74' lang='grc' dir='ltr'><strong>ὅρα</strong></span> <span class='ocrx_word' id='word_1_160' title='bbox 495 2067 551 2128; x_wconf 87' lang='grc' dir='ltr'><strong>καί</strong></span> <span class='ocrx_word' id='word_1_161' title='bbox 566 2063 623 2150; x_wconf 88' lang='grc' dir='ltr'><strong>τήν</strong></span> <span class='ocrx_word' id='word_1_162' title='bbox 642 2068 764 2148; x_wconf 72' lang='grc' dir='ltr'><strong><em>γένεσιν</em></strong></span> <span class='ocrx_word' id='word_1_163' title='bbox 779 2063 873 2129; x_wconf 82' lang='grc' dir='ltr'><strong><em>άποία</em></strong></span> <span class='ocrx_word' id='word_1_164' title='bbox 892 2066 940 2139; x_wconf 87' lang='grc' dir='ltr'><strong>τίς</strong></span> <span class='ocrx_word' id='word_1_165' title='bbox 951 2065 1016 2129; x_wconf 78' lang='grc' dir='ltr'><strong><em>ἔστι</em></strong></span> <span class='ocrx_word' id='word_1_166' title='bbox 1035 2068 1091 2130; x_wconf 86' lang='grc' dir='ltr'><strong>καί</strong></span> <span class='ocrx_word' id='word_1_167' title='bbox 1104 2062 1203 2130; x_wconf 74' lang='grc' dir='ltr'><strong><em>πόθεν</em></strong></span> <span class='ocrx_word' id='word_1_168' title='bbox 1217 2062 1313 2151; x_wconf 78' lang='grc' dir='ltr'><strong><em>ἔσχη-</em></strong></span> 
     </span>
     <span class='ocr_line' id='line_1_21' title="bbox 223 2162 1370 2249; baseline 0.003 -21"><span class='ocrx_word' id='word_1_169' title='bbox 223 2187 259 2228; x_wconf 85' lang='grc' dir='ltr'><strong>κε</strong></span> <span class='ocrx_word' id='word_1_170' title='bbox 277 2163 335 2249; x_wconf 85' lang='grc' dir='ltr'><strong>τήν</strong></span> <span class='ocrx_word' id='word_1_171' title='bbox 356 2162 471 2248; x_wconf 81' lang='grc' dir='ltr'><strong><em>α’ρχήν.</em></strong></span> <span class='ocrx_word' id='word_1_172' title='bbox 519 2166 554 2228; x_wconf 72' lang='grc' dir='ltr'><strong>ἐκ</strong></span> <span class='ocrx_word' id='word_1_173' title='bbox 582 2168 637 2249; x_wconf 80' lang='grc' dir='ltr'><strong>τῆς</strong></span> <span class='ocrx_word' id='word_1_174' title='bbox 656 2165 840 2239; x_wconf 79' lang='grc' dir='ltr'><strong><em>καπνιάάους</em></strong></span> <span class='ocrx_word' id='word_1_175' title='bbox 870 2165 926 2227; x_wconf 86' lang='grc' dir='ltr'><strong>καί</strong></span> <span class='ocrx_word' id='word_1_176' title='bbox 945 2166 1041 2248; x_wconf 82' lang='grc' dir='ltr'><strong><em>ξηροῖς</em></strong></span> <span class='ocrx_word' id='word_1_177' title='bbox 1061 2163 1313 2247; x_wconf 73' lang='grc' dir='ltr'><strong><em>ἀναθυμιάσεως</em></strong></span> <span class='ocrx_word' id='word_1_178' title='bbox 1321 2191 1370 2231; x_wconf 80' lang='lat' dir='ltr'><strong>no·</strong></span> 
     </span>
     <span class='ocr_line' id='line_1_22' title="bbox 223 2259 1313 2349; baseline 0.001 -21"><span class='ocrx_word' id='word_1_179' title='bbox 223 2271 283 2338; x_wconf 84' lang='grc' dir='ltr'><strong><em>ἐ’ως</em></strong></span> <span class='ocrx_word' id='word_1_180' title='bbox 305 2264 404 2348; x_wconf 86' lang='grc' dir='ltr'><strong><em>αάτής</em></strong></span> <span class='ocrx_word' id='word_1_181' title='bbox 437 2266 492 2348; x_wconf 86' lang='grc' dir='ltr'><strong>τής</strong></span> <span class='ocrx_word' id='word_1_182' title='bbox 513 2259 642 2348; x_wconf 88' lang='grc' dir='ltr'><strong><em>σελήνης</em></strong></span> <span class='ocrx_word' id='word_1_183' title='bbox 662 2261 807 2345; x_wconf 85' lang='grc' dir='ltr'><strong><em>άνάγεται</em></strong></span> <span class='ocrx_word' id='word_1_184' title='bbox 838 2261 892 2327; x_wconf 80' lang='grc' dir='ltr'><strong><em>διά</em></strong></span> <span class='ocrx_word' id='word_1_185' title='bbox 910 2261 1090 2349; x_wconf 82' lang='grc' dir='ltr'><strong><em>κουφότητα</em></strong></span> <span class='ocrx_word' id='word_1_186' title='bbox 1113 2261 1231 2339; x_wconf 77' lang='grc' dir='ltr'><strong><em>καπνός</em></strong></span> <span class='ocrx_word' id='word_1_187' title='bbox 1251 2269 1313 2346; x_wconf 78' lang='grc' dir='ltr'><strong><em>μὲν</em></strong></span> 
     </span>
    </p>
   </div>
   <div class='ocr_carea' id='block_1_3' title="bbox 224 2356 1313 2456">
    <p class='ocr_par' dir='ltr' id='par_1_16' title="bbox 224 2356 1313 2456">
     <span class='ocr_line' id='line_1_23' title="bbox 224 2356 1313 2456; baseline 0.003 -30"><span class='ocrx_word' id='word_1_188' title='bbox 224 2356 303 2429; x_wconf 69' lang='lat' dir='ltr'><strong>olon</strong></span> <span class='ocrx_word' id='word_1_189' title='bbox 324 2361 403 2429; x_wconf 77' lang='grc' dir='ltr'><strong><em>κατὰ</em></strong></span> <span class='ocrx_word' id='word_1_190' title='bbox 431 2362 489 2449; x_wconf 83' lang='grc' dir='ltr'><strong>τήν</strong></span> <span class='ocrx_word' id='word_1_191' title='bbox 509 2357 637 2445; x_wconf 75' lang='grc' dir='ltr'><strong><em>οὐσίαν,</em></strong></span> <span class='ocrx_word' id='word_1_192' title='bbox 670 2360 752 2450; x_wconf 81' lang='grc' dir='ltr'><strong><em>φλὸξ</em></strong></span> <span class='ocrx_word' id='word_1_193' title='bbox 771 2363 808 2427; x_wconf 76' lang='grc' dir='ltr'><strong>δὲ</strong></span> <span class='ocrx_word' id='word_1_194' title='bbox 830 2360 908 2428; x_wconf 87' lang='grc' dir='ltr'><strong><em>κατά</em></strong></span> <span class='ocrx_word' id='word_1_195' title='bbox 930 2361 987 2448; x_wconf 87' lang='grc' dir='ltr'><strong>τήν</strong></span> <span class='ocrx_word' id='word_1_196' title='bbox 1009 2358 1154 2444; x_wconf 75' lang='grc' dir='ltr'><strong><em>δύναμιν.</em></strong></span> <span class='ocrx_word' id='word_1_197' title='bbox 1209 2367 1266 2450; x_wconf 76' lang='grc' dir='ltr'><strong>ἐφ’</strong></span> <span class='ocrx_word' id='word_1_198' title='bbox 1284 2356 1313 2456; x_wconf 69' lang='grc' dir='ltr'><em>ᾧ</em></span> 
     </span>
    </p>
   </div>
   <div class='ocr_carea' id='block_1_4' title="bbox 295 2521 545 2594">
    <p class='ocr_par' dir='ltr' id='par_1_17' title="bbox 295 2494 545 2594">
     <span class='ocr_line' id='line_1_24' title="bbox 295 2521 545 2594; baseline 0 -15"><span class='ocrx_word' id='word_1_199' title='bbox 295 2525 334 2594; x_wconf 69' lang='grc' dir='ltr'><strong><em>τίς.</em></strong></span> <span class='ocrx_word' id='word_1_200' title='bbox 354 2525 414 2579; x_wconf 72' lang='grc' dir='ltr'><strong><em>ἔστι</em></strong></span> <span class='ocrx_word' id='word_1_201' title='bbox 434 2522 460 2577; x_wconf 76' lang='grc' dir='ltr'><strong>δ’</strong></span> <span class='ocrx_word' id='word_1_202' title='bbox 480 2521 545 2579; x_wconf 73' lang='lat' dir='ltr'><strong>ire?</strong></span> 
     </span>
    </p>
   </div>
   <div class='ocr_carea' id='block_1_5' title="bbox 195 2642 1315 4065">
    <p class='ocr_par' dir='ltr' id='par_1_18' title="bbox 219 2642 1315 3635">
     <span class='ocr_line' id='line_1_25' title="bbox 293 2642 1313 2719; baseline 0.005 -22"><span class='ocrx_word' id='word_1_203' title='bbox 293 2646 435 2699; x_wconf 73' lang='lat' dir='ltr'>Caeterum</span> <span class='ocrx_word' id='word_1_204' title='bbox 461 2644 568 2714; x_wconf 75' lang='lat' dir='ltr'><strong>ailquid</strong></span> <span class='ocrx_word' id='word_1_205' title='bbox 592 2643 768 2713; x_wconf 78' lang='lat' dir='ltr'><strong>praevidere,</strong></span> <span class='ocrx_word' id='word_1_206' title='bbox 791 2643 882 2715; x_wconf 82' lang='lat' dir='ltr'><strong>sieque</strong></span> <span class='ocrx_word' id='word_1_207' title='bbox 904 2644 986 2712; x_wconf 79' lang='lat' dir='ltr'><strong>signis</strong></span> <span class='ocrx_word' id='word_1_208' title='bbox 1004 2642 1167 2714; x_wconf 81' lang='lat' dir='ltr'><strong>quibusdem</strong></span> <span class='ocrx_word' id='word_1_209' title='bbox 1184 2646 1214 2698; x_wconf 84' lang='lat' dir='ltr'><strong>id</strong></span> <span class='ocrx_word' id='word_1_210' title='bbox 1236 2649 1313 2719; x_wconf 85' lang='lat' dir='ltr'><strong>quod</strong></span> 
     </span>
     <span class='ocr_line' id='line_1_26' title="bbox 225 2715 1312 2784; baseline 0.004 -15"><span class='ocrx_word' id='word_1_211' title='bbox 225 2718 344 2770; x_wconf 76' lang='lat' dir='ltr'><strong>futurum</strong></span> <span class='ocrx_word' id='word_1_212' title='bbox 363 2717 398 2771; x_wconf 86' lang='lat' dir='ltr'><strong>sit</strong></span> <span class='ocrx_word' id='word_1_213' title='bbox 412 2715 614 2770; x_wconf 80' lang='lat' dir='ltr'><strong>obscuriuscule</strong></span> <span class='ocrx_word' id='word_1_214' title='bbox 632 2715 778 2767; x_wconf 82' lang='lat' dir='ltr'><strong>coniectari</strong></span> <span class='ocrx_word' id='word_1_215' title='bbox 795 2733 843 2767; x_wconf 87' lang='lat' dir='ltr'><strong>nos</strong></span> <span class='ocrx_word' id='word_1_216' title='bbox 864 2732 956 2784; x_wconf 87' lang='lat' dir='ltr'><strong>posse,</strong></span> <span class='ocrx_word' id='word_1_217' title='bbox 978 2715 1043 2768; x_wconf 80' lang='lat' dir='ltr'><strong>citra</strong></span> <span class='ocrx_word' id='word_1_218' title='bbox 1064 2717 1312 2773; x_wconf 79' lang='lat' dir='ltr'><strong>contradictionem</strong></span> 
     </span>
     <span class='ocr_line' id='line_1_27' title="bbox 225 2785 1313 2842; baseline 0.003 -3"><span class='ocrx_word' id='word_1_219' title='bbox 225 2804 331 2840; x_wconf 86' lang='lat' dir='ltr'><strong>omnem</strong></span> <span class='ocrx_word' id='word_1_220' title='bbox 351 2787 475 2840; x_wconf 84' lang='lat' dir='ltr'><strong>fatemur.</strong></span> <span class='ocrx_word' id='word_1_221' title='bbox 493 2803 555 2839; x_wconf 84' lang='lat' dir='ltr'><strong>num</strong></span> <span class='ocrx_word' id='word_1_222' title='bbox 572 2788 600 2837; x_wconf 93' lang='lat' dir='ltr'><strong>in</strong></span> <span class='ocrx_word' id='word_1_223' title='bbox 619 2785 701 2837; x_wconf 88' lang='lat' dir='ltr'><strong>rebus</strong></span> <span class='ocrx_word' id='word_1_224' title='bbox 714 2785 783 2838; x_wconf 82' lang='lat' dir='ltr'><strong>adeo</strong></span> <span class='ocrx_word' id='word_1_225' title='bbox 802 2786 953 2837; x_wconf 77' lang='lat' dir='ltr'>manifestis</span> <span class='ocrx_word' id='word_1_226' title='bbox 970 2787 1094 2839; x_wconf 77' lang='lat' dir='ltr'><strong>resistere</strong></span> <span class='ocrx_word' id='word_1_227' title='bbox 1112 2786 1159 2839; x_wconf 88' lang='lat' dir='ltr'><strong>diu</strong></span> <span class='ocrx_word' id='word_1_228' title='bbox 1178 2806 1245 2841; x_wconf 84' lang='lat' dir='ltr'><strong>sene</strong></span> <span class='ocrx_word' id='word_1_229' title='bbox 1263 2808 1313 2842; x_wconf 87' lang='lat' dir='ltr'><strong>ne·</strong></span> 
     </span>
     <span class='ocr_line' id='line_1_28' title="bbox 223 2856 1312 2941; baseline 0.005 -33"><span class='ocrx_word' id='word_1_230' title='bbox 223 2875 361 2928; x_wconf 81' lang='lat' dir='ltr'><strong>queamus.</strong></span> <span class='ocrx_word' id='word_1_231' title='bbox 380 2873 535 2941; x_wconf 61' lang='lat' dir='ltr'><strong>quanquam</strong></span> <span class='ocrx_word' id='word_1_232' title='bbox 553 2858 626 2908; x_wconf 89' lang='lat' dir='ltr'><strong>enlm</strong></span> <span class='ocrx_word' id='word_1_233' title='bbox 639 2856 722 2908; x_wconf 89' lang='lat' dir='ltr'><strong>homo</strong></span> <span class='ocrx_word' id='word_1_234' title='bbox 736 2857 765 2907; x_wconf 90' lang='lat' dir='ltr'><strong>ln</strong></span> <span class='ocrx_word' id='word_1_235' title='bbox 782 2856 905 2926; x_wconf 76' lang='lat' dir='ltr'>paradiso</span> <span class='ocrx_word' id='word_1_236' title='bbox 925 2859 1053 2926; x_wconf 79' lang='lat' dir='ltr'><strong>peccavit,</strong></span> <span class='ocrx_word' id='word_1_237' title='bbox 1074 2875 1227 2941; x_wconf 67' lang='lat' dir='ltr'><strong>quanquam</strong></span> <span class='ocrx_word' id='word_1_238' title='bbox 1246 2877 1312 2913; x_wconf 91' lang='lat' dir='ltr'><strong>con-</strong></span> 
     </span>
     <span class='ocr_line' id='line_1_29' title="bbox 223 2927 1312 2997; baseline 0.004 -18"><span class='ocrx_word' id='word_1_239' title='bbox 223 2945 325 2979; x_wconf 88' lang='lat' dir='ltr'><strong>cessum</strong></span> <span class='ocrx_word' id='word_1_240' title='bbox 352 2927 403 2979; x_wconf 85' lang='lat' dir='ltr'><strong>sibr</strong></span> <span class='ocrx_word' id='word_1_241' title='bbox 422 2927 589 2979; x_wconf 75' lang='lat' dir='ltr'><strong>vaticinandi</strong></span> <span class='ocrx_word' id='word_1_242' title='bbox 613 2944 711 2980; x_wconf 84' lang='lat' dir='ltr'><strong>munus</strong></span> <span class='ocrx_word' id='word_1_243' title='bbox 729 2935 811 2997; x_wconf 82' lang='lat' dir='ltr'><strong>atque</strong></span> <span class='ocrx_word' id='word_1_244' title='bbox 840 2927 1001 2980; x_wconf 84' lang='lat' dir='ltr'><strong>beneficium</strong></span> <span class='ocrx_word' id='word_1_245' title='bbox 1020 2930 1126 2992; x_wconf 83' lang='lat' dir='ltr'><strong>amisit,</strong></span> <span class='ocrx_word' id='word_1_246' title='bbox 1143 2947 1199 2980; x_wconf 91' lang='lat' dir='ltr'><strong>non</strong></span> <span class='ocrx_word' id='word_1_247' title='bbox 1218 2939 1312 2984; x_wconf 77' lang='lat' dir='ltr'><strong>tamen</strong></span> 
     </span>
     <span class='ocr_line' id='line_1_30' title="bbox 223 2997 1313 3071; baseline 0.006 -23"><span class='ocrx_word' id='word_1_248' title='bbox 223 2999 290 3049; x_wconf 85' lang='lat' dir='ltr'><strong>deus</strong></span> <span class='ocrx_word' id='word_1_249' title='bbox 306 2997 355 3049; x_wconf 88' lang='lat' dir='ltr'><strong>ille</strong></span> <span class='ocrx_word' id='word_1_250' title='bbox 386 2997 535 3050; x_wconf 74' lang='lat' dir='ltr'><strong>misericors</strong></span> <span class='ocrx_word' id='word_1_251' title='bbox 559 3015 620 3051; x_wconf 87' lang='lat' dir='ltr'><strong>eum</strong></span> <span class='ocrx_word' id='word_1_252' title='bbox 648 3014 757 3071; x_wconf 88' lang='lat' dir='ltr'><strong>prorsus</strong></span> <span class='ocrx_word' id='word_1_253' title='bbox 785 2999 901 3051; x_wconf 79' lang='lat' dir='ltr'><strong>similem</strong></span> <span class='ocrx_word' id='word_1_254' title='bbox 924 2998 1038 3050; x_wconf 82' lang='lat' dir='ltr'><strong>evadere</strong></span> <span class='ocrx_word' id='word_1_255' title='bbox 1065 2999 1152 3051; x_wconf 88' lang='lat' dir='ltr'><strong>brutis</strong></span> <span class='ocrx_word' id='word_1_256' title='bbox 1180 3001 1313 3055; x_wconf 89' lang='lat' dir='ltr'><strong>iumentis</strong></span> 
     </span>
     <span class='ocr_line' id='line_1_31' title="bbox 222 3067 1313 3142; baseline 0 -23"><span class='ocrx_word' id='word_1_257' title='bbox 222 3069 424 3142; x_wconf 85' lang='lat' dir='ltr'><strong>permisitque</strong></span> <span class='ocrx_word' id='word_1_258' title='bbox 452 3069 483 3119; x_wconf 86' lang='lat' dir='ltr'><strong>fit</strong></span> <span class='ocrx_word' id='word_1_259' title='bbox 504 3078 536 3122; x_wconf 91' lang='lat' dir='ltr'><strong>ut</strong></span> <span class='ocrx_word' id='word_1_260' title='bbox 562 3071 637 3139; x_wconf 79' lang='lat' dir='ltr'><strong>signs</strong></span> <span class='ocrx_word' id='word_1_261' title='bbox 665 3067 798 3138; x_wconf 76' lang='lat' dir='ltr'><strong>quaedam</strong></span> <span class='ocrx_word' id='word_1_262' title='bbox 819 3070 845 3120; x_wconf 85' lang='lat' dir='ltr'><strong>ei</strong></span> <span class='ocrx_word' id='word_1_263' title='bbox 862 3070 1033 3140; x_wconf 79' lang='lat' dir='ltr'><strong>suppeditet,</strong></span> <span class='ocrx_word' id='word_1_264' title='bbox 1052 3068 1087 3121; x_wconf 84' lang='lat' dir='ltr'><strong>ds</strong></span> <span class='ocrx_word' id='word_1_265' title='bbox 1107 3068 1207 3140; x_wconf 86' lang='lat' dir='ltr'><strong>quibus</strong></span> <span class='ocrx_word' id='word_1_266' title='bbox 1224 3073 1313 3125; x_wconf 86' lang='lat' dir='ltr'><strong>inter.</strong></span> 
     </span>
     <span class='ocr_line' id='line_1_32' title="bbox 222 3139 1313 3213; baseline 0.002 -24"><span class='ocrx_word' id='word_1_267' title='bbox 222 3139 286 3189; x_wconf 74' lang='lat' dir='ltr'><strong>rium</strong></span> <span class='ocrx_word' id='word_1_268' title='bbox 298 3140 389 3190; x_wconf 78' lang='lat' dir='ltr'><strong>sutura</strong></span> <span class='ocrx_word' id='word_1_269' title='bbox 405 3139 560 3212; x_wconf 82' lang='lat' dir='ltr'><strong>prospiciat,</strong></span> <span class='ocrx_word' id='word_1_270' title='bbox 578 3156 666 3213; x_wconf 86' lang='lat' dir='ltr'><strong>eoque</strong></span> <span class='ocrx_word' id='word_1_271' title='bbox 678 3147 757 3209; x_wconf 78' lang='lat' dir='ltr'><strong>pecto</strong></span> <span class='ocrx_word' id='word_1_272' title='bbox 776 3141 913 3192; x_wconf 77' lang='lat' dir='ltr'><strong>securitati</strong></span> <span class='ocrx_word' id='word_1_273' title='bbox 932 3156 995 3192; x_wconf 76' lang='lat' dir='ltr'><strong>suae</strong></span> <span class='ocrx_word' id='word_1_274' title='bbox 1013 3140 1142 3194; x_wconf 85' lang='lat' dir='ltr'><strong>consulat</strong></span> <span class='ocrx_word' id='word_1_275' title='bbox 1159 3141 1227 3210; x_wconf 88' lang='lat' dir='ltr'><strong>quid</strong></span> <span class='ocrx_word' id='word_1_276' title='bbox 1239 3144 1313 3195; x_wconf 90' lang='lat' dir='ltr'><strong>mul.</strong></span> 
     </span>
     <span class='ocr_line' id='line_1_33' title="bbox 221 3210 1313 3284; baseline 0.005 -23"><span class='ocrx_word' id='word_1_277' title='bbox 221 3211 257 3262; x_wconf 89' lang='lat' dir='ltr'><strong>tis</strong></span> <span class='ocrx_word' id='word_1_278' title='bbox 272 3211 362 3263; x_wconf 83' lang='lat' dir='ltr'><strong>verbis</strong></span> <span class='ocrx_word' id='word_1_279' title='bbox 379 3226 447 3283; x_wconf 82' lang='lat' dir='ltr'><strong>opus</strong></span> <span class='ocrx_word' id='word_1_280' title='bbox 466 3210 525 3265; x_wconf 84' lang='lat' dir='ltr'><strong>est?</strong></span> <span class='ocrx_word' id='word_1_281' title='bbox 544 3212 591 3284; x_wconf 88' lang='lat' dir='ltr'><strong>qui</strong></span> <span class='ocrx_word' id='word_1_282' title='bbox 611 3210 817 3280; x_wconf 89' lang='lat' dir='ltr'><strong>conspiciuntur</strong></span> <span class='ocrx_word' id='word_1_283' title='bbox 834 3212 863 3262; x_wconf 90' lang='lat' dir='ltr'><strong>in</strong></span> <span class='ocrx_word' id='word_1_284' title='bbox 882 3219 943 3266; x_wconf 80' lang='lat' dir='ltr'><strong>atre</strong></span> <span class='ocrx_word' id='word_1_285' title='bbox 960 3221 1088 3274; x_wconf 80' lang='lat' dir='ltr'><strong>cometae,</strong></span> <span class='ocrx_word' id='word_1_286' title='bbox 1108 3213 1227 3263; x_wconf 80' lang='lat' dir='ltr'><strong>naturali</strong></span> <span class='ocrx_word' id='word_1_287' title='bbox 1249 3216 1313 3284; x_wconf 87' lang='lat' dir='ltr'><strong>qui-</strong></span> 
     </span>
     <span class='ocr_line' id='line_1_34' title="bbox 223 3280 1314 3352; baseline 0.005 -21"><span class='ocrx_word' id='word_1_288' title='bbox 223 3282 284 3332; x_wconf 88' lang='lat' dir='ltr'><strong>‹lem</strong></span> <span class='ocrx_word' id='word_1_289' title='bbox 302 3281 343 3331; x_wconf 89' lang='lat' dir='ltr'><strong>illi</strong></span> <span class='ocrx_word' id='word_1_290' title='bbox 363 3280 467 3331; x_wconf 76' lang='lat' dir='ltr'><strong>ratione</strong></span> <span class='ocrx_word' id='word_1_291' title='bbox 488 3283 625 3352; x_wconf 83' lang='lat' dir='ltr'><strong>modoque</strong></span> <span class='ocrx_word' id='word_1_292' title='bbox 648 3281 787 3344; x_wconf 87' lang='lat' dir='ltr'><strong>oriuntur,</strong></span> <span class='ocrx_word' id='word_1_293' title='bbox 818 3282 868 3333; x_wconf 85' lang='lat' dir='ltr'><strong>sed</strong></span> <span class='ocrx_word' id='word_1_294' title='bbox 884 3283 993 3341; x_wconf 85' lang='lat' dir='ltr'><strong>interim</strong></span> <span class='ocrx_word' id='word_1_295' title='bbox 1010 3285 1054 3334; x_wconf 83' lang='lat' dir='ltr'><strong>vei</strong></span> <span class='ocrx_word' id='word_1_296' title='bbox 1072 3299 1162 3350; x_wconf 84' lang='lat' dir='ltr'><strong>regum</strong></span> <span class='ocrx_word' id='word_1_297' title='bbox 1179 3284 1223 3334; x_wconf 84' lang='lat' dir='ltr'><strong>vel</strong></span> <span class='ocrx_word' id='word_1_298' title='bbox 1242 3285 1314 3336; x_wconf 77' lang='lat' dir='ltr'><strong>alia-</strong></span> 
     </span>
     <span class='ocr_line' id='line_1_35' title="bbox 224 3350 1312 3424; baseline 0.005 -21"><span class='ocrx_word' id='word_1_299' title='bbox 224 3371 281 3404; x_wconf 89' lang='lat' dir='ltr'><strong>rum</strong></span> <span class='ocrx_word' id='word_1_300' title='bbox 299 3351 447 3405; x_wconf 75' lang='lat' dir='ltr'><strong>illustrium</strong></span> <span class='ocrx_word' id='word_1_301' title='bbox 463 3368 640 3424; x_wconf 77' lang='lat' dir='ltr'><strong>personarum</strong></span> <span class='ocrx_word' id='word_1_302' title='bbox 660 3352 786 3404; x_wconf 89' lang='lat' dir='ltr'><strong>interitus</strong></span> <span class='ocrx_word' id='word_1_303' title='bbox 803 3350 976 3417; x_wconf 79' lang='lat' dir='ltr'><strong>denunciant,</strong></span> <span class='ocrx_word' id='word_1_304' title='bbox 989 3403 992 3419; x_wconf 75' lang='grc'><strong><em>,</em></strong></span> <span class='ocrx_word' id='word_1_305' title='bbox 1005 3352 1232 3423; x_wconf 80' lang='lat' dir='ltr'><strong>quemadmodum</strong></span> <span class='ocrx_word' id='word_1_306' title='bbox 1254 3374 1312 3408; x_wconf 77' lang='lat' dir='ltr'><strong>ms-</strong></span> 
     </span>
     <span class='ocr_line' id='line_1_36' title="bbox 219 3422 1313 3500; baseline 0.005 -27"><span class='ocrx_word' id='word_1_307' title='bbox 219 3441 289 3493; x_wconf 75' lang='lat' dir='ltr'><strong>gnus</strong></span> <span class='ocrx_word' id='word_1_308' title='bbox 307 3423 355 3474; x_wconf 88' lang='lat' dir='ltr'><strong>ille</strong></span> <span class='ocrx_word' id='word_1_309' title='bbox 374 3422 589 3500; x_wconf 86' lang='lat' dir='ltr'><strong>coelestiumque</strong></span> <span class='ocrx_word' id='word_1_310' title='bbox 606 3440 695 3475; x_wconf 90' lang='lat' dir='ltr'><strong>rerum</strong></span> <span class='ocrx_word' id='word_1_311' title='bbox 714 3424 845 3492; x_wconf 74' lang='lat' dir='ltr'><strong>interpres</strong></span> <span class='ocrx_word' id='word_1_312' title='bbox 863 3423 978 3476; x_wconf 76' lang='lat' dir='ltr'><strong>Basilius</strong></span> <span class='ocrx_word' id='word_1_313' title='bbox 997 3425 1093 3494; x_wconf 88' lang='lat' dir='ltr'><strong>inquit</strong></span> <span class='ocrx_word' id='word_1_314' title='bbox 1111 3423 1248 3476; x_wconf 85' lang='lat' dir='ltr'><strong>interdurn</strong></span> <span class='ocrx_word' id='word_1_315' title='bbox 1268 3428 1313 3479; x_wconf 84' lang='lat' dir='ltr'><strong>vel</strong></span> 
     </span>
     <span class='ocr_line' id='line_1_37' title="bbox 222 3493 1313 3564; baseline 0.005 -20"><span class='ocrx_word' id='word_1_316' title='bbox 222 3502 312 3546; x_wconf 79' lang='lat' dir='ltr'><strong>aestus</strong></span> <span class='ocrx_word' id='word_1_317' title='bbox 329 3493 373 3546; x_wconf 83' lang='lat' dir='ltr'><strong>vel</strong></span> <span class='ocrx_word' id='word_1_318' title='bbox 390 3501 485 3545; x_wconf 84' lang='lat' dir='ltr'><strong>ventos</strong></span> <span class='ocrx_word' id='word_1_319' title='bbox 505 3494 696 3548; x_wconf 86' lang='lat' dir='ltr'><strong>subsecuturos</strong></span> <span class='ocrx_word' id='word_1_320' title='bbox 719 3493 849 3545; x_wconf 83' lang='lat' dir='ltr'><strong>indicant.</strong></span> <span class='ocrx_word' id='word_1_321' title='bbox 873 3502 901 3546; x_wconf 87' lang='lat' dir='ltr'><strong>et</strong></span> <span class='ocrx_word' id='word_1_322' title='bbox 918 3493 1046 3545; x_wconf 79' lang='lat' dir='ltr'><strong>videntur</strong></span> <span class='ocrx_word' id='word_1_323' title='bbox 1063 3495 1174 3564; x_wconf 73' lang='lat' dir='ltr'><strong>quidem</strong></span> <span class='ocrx_word' id='word_1_324' title='bbox 1195 3512 1256 3548; x_wconf 82' lang='lat' dir='ltr'><strong>esse</strong></span> <span class='ocrx_word' id='word_1_325' title='bbox 1275 3499 1313 3549; x_wconf 88' lang='lat' dir='ltr'><strong>si-</strong></span> 
     </span>
     <span class='ocr_line' id='line_1_38' title="bbox 223 3564 1315 3635; baseline 0.005 -20"><span class='ocrx_word' id='word_1_326' title='bbox 223 3564 303 3625; x_wconf 84' lang='lat' dir='ltr'><strong>dera,</strong></span> <span class='ocrx_word' id='word_1_327' title='bbox 321 3581 413 3618; x_wconf 85' lang='lat' dir='ltr'><strong>verum</strong></span> <span class='ocrx_word' id='word_1_328' title='bbox 431 3580 487 3616; x_wconf 91' lang='lat' dir='ltr'><strong>non</strong></span> <span class='ocrx_word' id='word_1_329' title='bbox 511 3573 581 3618; x_wconf 82' lang='lat' dir='ltr'><strong>sunt.</strong></span> <span class='ocrx_word' id='word_1_330' title='bbox 610 3565 658 3634; x_wconf 87' lang='lat' dir='ltr'><strong>qui</strong></span> <span class='ocrx_word' id='word_1_331' title='bbox 677 3566 749 3616; x_wconf 87' lang='lat' dir='ltr'><strong>enirn</strong></span> <span class='ocrx_word' id='word_1_332' title='bbox 773 3579 832 3616; x_wconf 86' lang='lat' dir='ltr'><strong>esse</strong></span> <span class='ocrx_word' id='word_1_333' title='bbox 851 3564 940 3616; x_wconf 83' lang='lat' dir='ltr'><strong>sidere</strong></span> <span class='ocrx_word' id='word_1_334' title='bbox 965 3566 1089 3635; x_wconf 86' lang='lat' dir='ltr'><strong>possint?</strong></span> <span class='ocrx_word' id='word_1_335' title='bbox 1109 3583 1168 3616; x_wconf 87' lang='lat' dir='ltr'><strong>cum</strong></span> <span class='ocrx_word' id='word_1_336' title='bbox 1187 3567 1315 3620; x_wconf 82' lang='lat' dir='ltr'><strong>oriuntur</strong></span> 
     </span>
    </p>

    <p class='ocr_par' dir='ltr' id='par_1_19' title="bbox 195 3633 1314 3709">
     <span class='ocr_line' id='line_1_39' title="bbox 195 3633 1314 3709; baseline 0.008 -26"><span class='ocrx_word' id='word_1_337' title='bbox 195 3660 202 3672; x_wconf 65' lang='grc' dir='ltr'><strong><em>ι</em></strong></span> <span class='ocrx_word' id='word_1_338' title='bbox 222 3633 350 3709; x_wconf 82' lang='lat' dir='ltr'><strong>quidem,</strong></span> <span class='ocrx_word' id='word_1_339' title='bbox 369 3635 490 3687; x_wconf 87' lang='lat' dir='ltr'><strong>sednon</strong></span> <span class='ocrx_word' id='word_1_340' title='bbox 508 3635 669 3689; x_wconf 81' lang='lat' dir='ltr'><strong>durabiliter</strong></span> <span class='ocrx_word' id='word_1_341' title='bbox 686 3644 821 3687; x_wconf 78' lang='lat' dir='ltr'><strong>maneant.</strong></span> <span class='ocrx_word' id='word_1_342' title='bbox 839 3653 900 3686; x_wconf 80' lang='lat' dir='ltr'><strong>nem</strong></span> <span class='ocrx_word' id='word_1_343' title='bbox 919 3637 1044 3699; x_wconf 78' lang='lat' dir='ltr'><strong>materia,</strong></span> <span class='ocrx_word' id='word_1_344' title='bbox 1066 3635 1100 3688; x_wconf 86' lang='lat' dir='ltr'><strong>de</strong></span> <span class='ocrx_word' id='word_1_345' title='bbox 1120 3654 1173 3706; x_wconf 87' lang='lat' dir='ltr'><strong>qus</strong></span> <span class='ocrx_word' id='word_1_346' title='bbox 1191 3648 1314 3692; x_wconf 81' lang='lat' dir='ltr'><strong>cometes</strong></span> 
     </span>
    </p>

    <p class='ocr_par' dir='ltr' id='par_1_20' title="bbox 223 3706 1314 3826">
     <span class='ocr_line' id='line_1_40' title="bbox 223 3706 1314 3779; baseline 0.007 -24"><span class='ocrx_word' id='word_1_347' title='bbox 223 3706 343 3769; x_wconf 75' lang='lat' dir='ltr'><strong>exstitit,</strong></span> <span class='ocrx_word' id='word_1_348' title='bbox 370 3723 419 3777; x_wconf 84' lang='lat' dir='ltr'><strong>per</strong></span> <span class='ocrx_word' id='word_1_349' title='bbox 441 3708 530 3776; x_wconf 79' lang='lat' dir='ltr'><strong>ignem</strong></span> <span class='ocrx_word' id='word_1_350' title='bbox 556 3708 717 3779; x_wconf 80' lang='lat' dir='ltr'><strong>absumpto,</strong></span> <span class='ocrx_word' id='word_1_351' title='bbox 742 3707 895 3760; x_wconf 72' lang='lat' dir='ltr'><strong>necessario</strong></span> <span class='ocrx_word' id='word_1_352' title='bbox 921 3714 949 3760; x_wconf 81' lang='lat' dir='ltr'><strong>et</strong></span> <span class='ocrx_word' id='word_1_353' title='bbox 978 3707 1036 3778; x_wconf 82' lang='lat' dir='ltr'><strong>ipse</strong></span> <span class='ocrx_word' id='word_1_354' title='bbox 1064 3708 1200 3759; x_wconf 84' lang='lat' dir='ltr'><strong>extinctus</strong></span> <span class='ocrx_word' id='word_1_355' title='bbox 1229 3708 1314 3762; x_wconf 86' lang='lat' dir='ltr'><strong>dissi-</strong></span> 
     </span>
     <span class='ocr_line' id='line_1_41' title="bbox 242 3784 308 3826; baseline 0.03 -2"><span class='ocrx_word' id='word_1_356' title='bbox 242 3784 308 3826; x_wconf 76' lang='lat' dir='ltr'><strong>ntur.</strong></span> 
     </span>
    </p>

    <p class='ocr_par' dir='ltr' id='par_1_21' title="bbox 221 3793 1312 3920">
     <span class='ocr_line' id='line_1_42' title="bbox 221 3793 1312 3920; baseline 0.007 -24"><span class='ocrx_word' id='word_1_357' title='bbox 221 3793 238 3849; x_wconf 64' lang='lat' dir='ltr'><strong>P</strong></span> <span class='ocrx_word' id='word_1_358' title='bbox 292 3847 480 3900; x_wconf 75' lang='lat' dir='ltr'><strong>Animadverte</strong></span> <span class='ocrx_word' id='word_1_359' title='bbox 498 3857 586 3900; x_wconf 71' lang='lat' dir='ltr'><strong>uestem</strong></span> <span class='ocrx_word' id='word_1_360' title='bbox 605 3858 693 3903; x_wconf 88' lang='lat' dir='ltr'><strong>ortum</strong></span> <span class='ocrx_word' id='word_1_361' title='bbox 712 3849 850 3918; x_wconf 86' lang='lat' dir='ltr'><strong>ipsorum,</strong></span> <span class='ocrx_word' id='word_1_362' title='bbox 868 3847 1017 3899; x_wconf 83' lang='lat' dir='ltr'><strong>cuiusmodi</strong></span> <span class='ocrx_word' id='word_1_363' title='bbox 1035 3848 1070 3899; x_wconf 89' lang='lat' dir='ltr'><strong>sit</strong></span> <span class='ocrx_word' id='word_1_364' title='bbox 1090 3855 1117 3900; x_wconf 90' lang='lat' dir='ltr'><strong>et</strong></span> <span class='ocrx_word' id='word_1_365' title='bbox 1137 3848 1210 3900; x_wconf 76' lang='lat' dir='ltr'><strong>unte</strong></span> <span class='ocrx_word' id='word_1_366' title='bbox 1231 3853 1312 3920; x_wconf 85' lang='lat' dir='ltr'><strong>prin-</strong></span> 
     </span>
    </p>

    <p class='ocr_par' dir='ltr' id='par_1_22' title="bbox 222 3916 1312 3988">
     <span class='ocr_line' id='line_1_43' title="bbox 222 3916 1312 3988; baseline 0.006 -20"><span class='ocrx_word' id='word_1_367' title='bbox 222 3916 323 3984; x_wconf 71' lang='lat' dir='ltr'><strong>cipium</strong></span> <span class='ocrx_word' id='word_1_368' title='bbox 353 3916 459 3969; x_wconf 78' lang='lat' dir='ltr'><strong>habeat.</strong></span> <span class='ocrx_word' id='word_1_369' title='bbox 485 3920 604 3971; x_wconf 76' lang='lat' dir='ltr'><strong>existunt</strong></span> <span class='ocrx_word' id='word_1_370' title='bbox 633 3929 753 3971; x_wconf 80' lang='lat' dir='ltr'><strong>cometae</strong></span> <span class='ocrx_word' id='word_1_371' title='bbox 779 3917 814 3969; x_wconf 86' lang='lat' dir='ltr'><strong>de</strong></span> <span class='ocrx_word' id='word_1_372' title='bbox 844 3917 948 3968; x_wconf 79' lang='lat' dir='ltr'><strong>suruose</strong></span> <span class='ocrx_word' id='word_1_373' title='bbox 973 3927 1000 3968; x_wconf 86' lang='lat' dir='ltr'><strong>et</strong></span> <span class='ocrx_word' id='word_1_374' title='bbox 1021 3920 1091 3970; x_wconf 78' lang='lat' dir='ltr'><strong>sicce</strong></span> <span class='ocrx_word' id='word_1_375' title='bbox 1119 3919 1312 3988; x_wconf 74' lang='lat' dir='ltr'><strong>exhalatione,</strong></span> 
     </span>
    </p>

    <p class='ocr_par' dir='ltr' id='par_1_23' title="bbox 223 3986 1307 4065">
     <span class='ocr_line' id='line_1_44' title="bbox 223 3986 1307 4065; baseline 0.008 -26"><span class='ocrx_word' id='word_1_376' title='bbox 223 4003 292 4059; x_wconf 81' lang='lat' dir='ltr'><strong>quse</strong></span> <span class='ocrx_word' id='word_1_377' title='bbox 311 3986 446 4046; x_wconf 77' lang='lat' dir='ltr'><strong>exhalatio</strong></span> <span class='ocrx_word' id='word_1_378' title='bbox 468 3997 579 4062; x_wconf 85' lang='lat' dir='ltr'><strong>propter</strong></span> <span class='ocrx_word' id='word_1_379' title='bbox 605 3990 744 4045; x_wconf 78' lang='lat' dir='ltr'><strong>levitatem</strong></span> <span class='ocrx_word' id='word_1_380' title='bbox 769 4004 842 4041; x_wconf 83' lang='lat' dir='ltr'><strong>snam</strong></span> <span class='ocrx_word' id='word_1_381' title='bbox 863 3988 896 4041; x_wconf 86' lang='grc' dir='ltr'><strong><em>ιιΙ</em></strong></span> <span class='ocrx_word' id='word_1_382' title='bbox 914 3989 1105 4065; x_wconf 76' lang='lat' dir='ltr'><strong>lunaremque</strong></span> <span class='ocrx_word' id='word_1_383' title='bbox 1124 3991 1307 4057; x_wconf 78' lang='lat' dir='ltr'><strong>subvehitur.</strong></span> 
     </span>
    </p>
   </div>
   <div class='ocr_carea' id='block_1_6' title="bbox 0 0 1388 4800">
    <p class='ocr_par' dir='ltr' id='par_1_24' title="bbox 0 0 1388 4800">
     <span class='ocr_line' id='line_1_45' title="bbox 0 0 1388 4800; baseline 0 0"><span class='ocrx_word' id='word_1_384' title='bbox 0 0 1388 4800; x_wconf 95' lang='lat' dir='ltr'><strong> </strong></span> 
     </span>
    </p>
   </div>
  </div>
 </body>
</html>
