2678 4792
386 297 729 362 annumeremus
758 302 810 362 nr.
1029 270 1114 371 485

36 440 129 523 λὴν.”
147 444 229 508 α’λλά
248 446 304 508 κατ’
322 447 498 509 τελευτῶσα
507 444 610 530 ἔλεγεν
625 451 723 532 μηδὲν
744 451 788 533 τῷ
799 445 951 534 Παυλίνῳ
969 449 1118 526 συνιδεῖν,

36 544 67 604 εἰ
100 544 155 608 καί
182 546 353 628 φιλοτίμως
372 540 437 625 εἶχε
464 544 544 629 πρὸς
566 540 661 610 aalide
689 548 728 609 οδ
743 543 868 628 ’μικροῖς
889 543 943 609 ἅτε
964 544 1118 629 συνεργά·

36 663 160 721 σαντα,
191 643 281 725 ἡνίκα
307 644 495 727 Πουλχτρία
515 646 561 733 τῷ
587 646 745 733 Θεοδοσίηι
771 648 880 709 δοῦναι
901 644 1020 728 ταύτην
1039 645 1118 728 πρὸς

38 741 160 817 λέχους·
173 740 334 805 κοινωνίαν
355 739 549 825 ἐφρόντιζεν.

112 835 209 921 Ὅσην
229 843 265 904 δὲ
292 839 308 903 δ
339 838 505 916 Θεοδόσιος
532 834 623 917 οὗτος
650 845 864 926 κεκρυμμένην
893 842 1006 925 deeris»
1032 843 1150 908 ἐκέκ-ὓ

37 960 131 1019 τητο,
153 941 247 1021 δῆλον
265 942 420 1004 ἐντεῦθεν.
462 943 601 1024 μοναχδς
619 966 666 1017 τις
685 941 740 1024 ἔτη
759 942 790 1022 μ’
807 942 986 1016 ’δουλεύσας
1004 938 1046 1016 ὦς
1069 946 1121 1006 δτι·

37 1037 79 1123 τῷ
107 1039 174 1123 θερῖ
196 1036 333 1120 artearte
352 1063 384 1102 τι
410 1041 491 1121 μέγα
518 1040 592 1122 περὶ
618 1035 750 1123 ἑαυτοῦ,
772 1041 828 1104 τισί
845 1044 932 1124 ζητεῖ
949 1046 1064 1120 μαθεῖν
1084 1038 1119 1104 ἓν

37 1138 110 1223 ποίην
131 1134 217 1214 τάξει
237 1141 379 1220 κέκτηται
403 1139 502 1204 ariade
521 1139 538 1201 ά
558 1138 719 1221 θεός,καί
738 1142 891 1222 μανθάνει
912 1136 1017 1220 ὅμοιος
1037 1133 1118 1205 εἶναι

40 1236 200 1324 Θεοδοσίιμ
219 1240 263 1322 τῷ
281 1243 417 1318 βασιλεῖ.
460 1232 589 1320 ἀπαίρει
610 1238 719 1335 λοιπὸν
746 1239 825 1322 πρὸς
846 1241 965 1318 αδτόν,
987 1239 1043 1302 καί
1061 1235 1116 1322 ζη-

41 1343 90 1396 τεῖ
101 1338 217 1413 μαθεῖν
246 1335 305 1419 τήν
335 1335 451 1422 eiecerit
478 1338 588 1404 αὐτοῦ.
635 1342 691 1404 καί
719 1339 736 1403 o‘
767 1337 917 1420 βασιλεῦς
936 1339 1039 1402 πολλά
1058 1342 1117 1418 μὲν

38 1425 125 1518 αάτηλ
144 1433 347 1516 α’πεκάλυψεν
376 1441 491 1521 ἓτερα,
521 1426 823 1523 οἷονξηροκωτίαν,
848 1441 1035 1518 ἐνδυμενιάν
1050 1440 1117 1521 τρί’

36 1555 137 1613 χινον,
160 1527 283 1618 (inopie
302 1533 465 1617 γυναικός,
487 1537 652 1620 νηστείαν,
677 1535 906 1621 ἐλεημοσύνην,
929 1540 1115 1620 δικαιοπρα·

36 1629 124 1711 μίαν,
145 1632 200 1696 καί
219 1628 279 1696 ὅσα
295 1637 438 1699 τοιαῦτα.
479 1634 496 1699 δ
519 1639 556 1700 δὲ
582 1633 722 1718 μοναχὸς
742 1634 1114 1718 άπαρεσκάμινος-’δῆθεν

36 1740 97 1805 τοῖς
118 1731 412 1816 άπαριθιιηθεῖσιν,
434 1734 575 1816 ἐβιάζετο
595 1734 650 1800 τὸν
674 1739 807 1817 βασιλέα
833 1738 929 1799 εἰπεῖν
953 1738 1007 1798 καί
1025 1734 1110 1819 εἴπερ
1121 1749 1148 1801 P.
1157 1750 1209 1804 nea
1226 1810 1232 1820 ¹

37 1853 63 1892 τι
85 1832 190 1916 ἓτερον
216 1836 325 1912 μεῖζον
351 1834 413 1897 τῶν
441 1835 611 1916 εἰρημένων
640 1838 790 1917 κέκτηται.
832 1839 885 1897 καί
903 1831 935 1908 ὃς
956 1832 1059 1914 ἔλεγεν
1078 1837 1113 1898 ἐν

36 1927 135 2016 ἡμέρᾳ
160 1927 290 1995 ἱππικοῦ
320 1930 460 2015 θεάτρου
489 1937 653 2015 καθῆσθαι
673 1936 732 2011 μὲν
759 1936 792 1997 ἐν
811 1938 856 2021 trgi
873 1932 1005 2015 συνηθιι
1027 1932 1112 2021 τόπερ

36 2029 150 2110 αὐτοῦ,
176 2027 222 2113 μη
251 2032 435 2108 ε’νατενίζειν
455 2034 554 2118 ‹li-epi
572 2031 715 2118 θεάτρῳ,
735 2038 959 2116 καλλιγραφεϊν
980 2035 1016 2096 δὲ
1034 2030 1113 2113 πρὸς

36 2128 173 2212 τούτοις,
195 2130 251 2192 καί
268 2125 352 2193 arira
372 2127 431 2212 triv
448 2128 529 2213 ζωὴν
543 2130 643 2194 adrev*
659 2139 728 2206 ταῖς
747 2132 843 2204 ἰδίαις
861 2130 954 2212 χερσί
974 2154 1113 2213 συγκρα-

36 2234 106 2293 τεῒν.
149 2225 271 2294 τούτων
290 2225 428 2306 άκοδσας
448 2229 465 2293 δ
487 2227 625 2313 μσναχὸς
645 2225 802 2314 τοσαύτην
821 2232 946 2308 ἐδέξατο
969 2227 1112 2314 ἔκπληξιν

37 2463 139 2535 [Latine
158 2461 351 2533 benignitatem
370 2465 479 2538 dixeris)
498 2473 589 2532 „tuam
607 2465 747 2531 Sioni,-et
763 2467 831 2518 muri
850 2465 1050 2532 Hierosolyrnae
1068 2467 1112 2518 in-

37 2534 208 2588 itaureutnr.''
237 2553 298 2586 cnm
323 2546 484 2599 moreretur,
510 2538 580 2589 nibil
599 2555 627 2589 ee
645 2539 696 2590 sibi
715 2537 750 2589 de
771 2538 883 2590 Paulino
899 2539 1112 2604 consciampease

37 2607 114 2666 linit,
133 2605 186 2656 nisi
213 2606 288 2674 qnod
305 2606 441 2658 hominem
464 2608 648 2676 magnisecerit
676 2617 705 2660 et
728 2610 758 2660 in
784 2609 871 2677 pretio
891 2607 1018 2659 babuerit
1047 2625 1111 2677 pro·

37 2686 123 2729 nterea
150 2676 222 2745 quod
249 2693 305 2729 non
330 2695 423 2747 parurn
450 2678 479 2728 id
504 2679 631 2748 temporis
659 2678 808 2730 adiumenti
834 2678 985 2742 attulisset,
1002 2695 1063 2730 cem
1080 2695 1112 2731 se

37 2746 170 2800 deleberia
186 2745 342 2799 Theodosio
364 2748 437 2799 fratri
456 2749 518 2799 dare
538 2751 590 2801 tori
610 2756 762 2800 consortem
779 2750 930 2800 moliretur.

97 2818 230 2880 Ceterum,
243 2818 273 2869 in
289 2818 342 2869 hoc
361 2818 518 2870 Theodosio
538 2829 667 2890 quantum
688 2819 798 2871 latentis
818 2828 846 2870 et
861 2819 983 2870 occultae
1002 2818 1109 2871 virtutis

37 2887 176 2950 estiterit,
197 2887 242 2939 vel
259 2888 323 2940 hinc
341 2889 432 2958 colligi
451 2899 550 2959 potest.
570 2898 628 2943 erat
651 2889 762 2960 quidam
778 2889 914 2942 solitariae
934 2891 1004 2951 vitae
1022 2897 1110 2940 secta·

37 2979 84 3023 or,
104 2959 152 3029 qui
170 2974 230 3009 cum
249 2958 302 3010 deo
322 2959 356 3025 io
374 2956 448 3012 totos
466 2978 550 3013 annos
568 2962 606 3013 ita
623 2962 760 3013 serviisset
777 2970 809 3013 ut
826 2959 917 3022 decet,
934 2976 1056 3028 magnam
1073 2957 1110 3010 de

39 3049 52 3082 e
72 3028 210 3099 quandam
228 3030 392 3098 opinionem·
404 3040 571 3099 conceperit.
593 3033 686 3103 itaque
698 3080 700 3085 ⁴
714 3047 873 3100 cognoscere
891 3030 1019 3099 cupiebat
1039 3047 1109 3098 quo·

37 3120 87 3152 ram
107 3118 136 3151 se
154 3100 213 3151 loco
232 3100 298 3151 (leus
325 3100 445 3152 haberet.
465 3103 632 3169 significatur
648 3105 673 3154 ei
691 3102 820 3153 divinitus
839 3103 996 3170 imperatori
1017 3101 1109 3152 Theo-

37 3170 102 3223 losio
114 3188 206 3239 parem
225 3187 292 3225 esse.
311 3180 474 3240 quapropter
488 3171 522 3222 ad
538 3173 724 3241 imperatorem
737 3191 765 3223 se
784 3173 897 3233 confert,
915 3173 991 3224 illius
1007 3180 1110 3241 quanta

40 3245 105 3294 irtna
127 3242 198 3292 lutet
218 3257 250 3291 ex
272 3242 357 3292 lorare
376 3243 479 3296 nititur.
500 3242 526 3293 ei
543 3244 676 3311 permulta
694 3244 823 3312 patefacit
842 3244 1003 3312 imperator,
1032 3242 1109 3295 verbi

39 3314 105 3365 ratia
117 3310 192 3381 ‹pnod
202 3259 282 3362 arulis
293 3321 397 3364 tantum
409 3310 474 3364 cibis
485 3312 633 3380 degustatis
646 3313 758 3365 cubaret
768 3316 800 3382 *),
815 3313 889 3383 quod
908 3330 1001 3381 aspera
1019 3321 1109 3364 utere·

38 3403 65 3436 ur
80 3382 213 3442 interula,
242 3383 317 3451 quod
336 3383 484 3435 abstineret
507 3383 541 3434 ab
560 3384 651 3435 uxoris
669 3383 855 3453 amplexibus,
874 3385 949 3453 quod
967 3384 1108 3442 ieiunaret,

39 3453 96 3505 nod
116 3453 313 3519 benignitatem
333 3462 470 3505 exerceret
488 3453 516 3504 in
534 3472 681 3524 pauperes,
703 3453 776 3524 quod
793 3455 913 3506 iustitiae
931 3455 1061 3504 rationem
1076 3453 1109 3511 in

38 3522 177 3576 ctionibus
202 3523 256 3573 suis
281 3523 413 3586 baberet,
435 3524 543 3592 aliaque
569 3526 643 3575 talia.
675 3543 734 3576 curn
760 3524 825 3576 haec
842 3532 996 3575 enumerata
1015 3539 1108 3590 parurn

38 3593 156 3646 runacbo
174 3593 367 3652 satisfacerent,
386 3595 573 3664 imperatorem
594 3595 673 3646 lateri
693 3597 788 3663 coegit,
805 3613 866 3646 nuni
878 3592 943 3663 qnid
965 3593 1005 3641 his
1024 3593 1108 3642 rrraius

38 3666 55 3716 b
74 3667 136 3733 ipso
155 3672 342 3732 praestaretur.
365 3673 422 3716 tum
439 3667 585 3733 imperator
603 3663 736 3734 „quibus”
755 3666 794 3717 ait
810 3664 926 3727 „diebus
945 3663 1108 3731 equestrium

38 3736 199 3788 ermminurn
230 3736 383 3802 spectacula
417 3735 603 3800 exhibentur,
622 3735 748 3805 equidem
775 3742 906 3785 consueto
933 3735 993 3784 loco
1012 3731 1108 3795 sedeo,

38 3824 114 3858 erum
135 3804 228 3855 oculos
247 3805 275 3855 in
295 3804 353 3873 ipsa
371 3805 522 3886 spectacula
540 3804 644 3857 defixos
662 3822 718 3856 non
736 3805 849 3856 habeo.”
867 3814 1005 3873 praeterea
1022 3804 1110 3854 lassare
1149 3841 1152 3845 -

38 3887 62 3929 st
82 3893 111 3927 se
127 3875 212 3926 libros
232 3875 370 3941 eleganter
392 3893 423 3925 ac
440 3874 539 3926 munde
553 3875 714 3938 describere,
734 3883 814 3943 atque
835 3875 886 3925 Ιισι·
901 3882 980 3942 pacto
993 3875 1110 3927 ¹suismet

39 3946 193 3999 rborautem
210 3945 335 3997 manibus
354 3946 435 3999 sitam
452 3946 591 3998 sustinere.
613 3944 715 4015 quibus
737 3944 837 3997 auditis
856 3952 996 4015 tantopere
1014 3962 1109 3996 mona-

90 4099 116 4165 ·)
133 4097 200 4165 quid
228 4099 253 4149 si
271 4099 305 4150 ad
321 4102 476 4169 χαμευνλιιι
495 4101 583 4167 potins
614 4099 776 4166 respexerit,
795 4108 840 4149 ant
860 4099 952 4150 dinam
969 4102 998 4152 in
1019 4115 1109 4152 assera

92 4178 182 4221 storea
198 4178 281 4223 matta
296 4181 343 4223 aut
363 4170 435 4224 nuda
455 4171 536 4224 humo
558 4167 678 4224 cubandi
695 4170 847 4223 rationem?
869 4171 943 4224 lanu.
