2722 4800
239 188 296 288 Gt
584 211 800 307 uupauus
828 206 991 273 estest

238 371 375 452 χομὲνον
403 360 442 452 ἦν
471 364 526 429 ἐπι*
550 364 652 449 τρισίν
683 363 816 446 ἡμέραις
842 364 940 426 ἐκεῖνο
973 354 1008 423 τὸ
1030 361 1099 444 φῶς
1121 358 1325 442 ἁπανταχοῦ,

238 465 321 549 μετά
356 467 515 531 δὲταῦτα
547 473 613 540 τοῖς
645 466 824 549 φωστηρσιν
853 456 1068 539 ἑναπετιθιτο,
1088 456 1142 523 τὸν
1161 456 1328 522 θειότατον

240 566 323 648 ἔχεις
340 559 545 631 Ἀναστάσιον
568 565 802 646 άλληγοροῦντα
823 556 861 623 τύ
882 560 1027 622 τοιαῦτα.
1051 554 1087 621 τῦ
1107 559 1167 638 μὲν
1186 549 1244 621 οῦν
1268 558 1329 622 τῶν

239 667 467 747 προλαβοοοιῦν
500 664 597 745 τριιῦν
628 661 755 742 ἡμερῶν
790 660 877 743 φῶς,
908 659 982 740 περὶ
1011 645 1048 719 οῦ
1070 654 1090 739 ἦ
1110 652 1220 740 γραφη
1246 658 1328 737 λέγει

240 763 315 846 ,μαί
335 758 419 828 εἶπεν
452 757 468 826 ὃ
494 761 570 836 θεὸς
594 759 754 843 γενηθήτω
776 760 861 843 φῶς,
889 755 946 820 καί
963 757 1080 838 ἐγένετο
1116 756 1222 840 φῦς,”
1241 752 1327 838 ύφη.

239 864 400 942 πλωμένον
420 854 456 925 ῦν
475 863 528 946 ἐφ’
559 853 630 924 ῦλον
652 855 688 922 τῦ
707 856 868 946 σύμπαν,
897 852 931 919 τὸ
952 859 1005 938 τῆς
1027 847 1176 918 ιῖκτίστοο
1196 848 1329 940 τριάδος

239 962 377 1049 παριστᾷ
396 962 465 1047 quie
492 961 656 1040 πανταχοῦ
677 954 802 1042 φθάνον
823 954 867 1031 οῦς
887 955 1135 1039 α’πτρίχραπτον·
1155 946 1209 1015 ὅτε
1230 954 1265 1016 δὲ
1286 955 1331 1039 τῷ

241 1062 364 1146 ζοφερῷ
395 1063 454 1143 μὲν
483 1054 654 1141 πρότερον,
685 1051 818 1138 ῦστερον
841 1056 877 1120 δὲ
907 1053 1047 1140 φωτεινῷ
1068 1049 1120 1115 dni
1140 1051 1195 1135 την
1216 1054 1329 1116 ἕνωσιν

208 1162 335 1247 ὓῦίσκιρ
356 1152 651 1239 ἐναπετιθετσ,.την
675 1154 824 1240 ἔνσαρκον
845 1153 1231 1237 οἰκονομιανπροέγραφο·
1256 1174 1328 1216 σκο-

239 1257 361 1333 τεινούς
382 1257 437 1320 καί
463 1254 524 1340 γάρ
548 1247 639 1330 ὄντας
673 1254 757 1345 η’μᾶς
777 1258 818 1339 τῇ
836 1249 974 1339 άμαρτίηι
994 1251 1033 1337 τῇ
1053 1254 1126 1316 καθ’
1149 1249 1329 1314 ῦπύστασιν

238 1355 348 1423 {vdeo
369 1352 560 1440 ἐλάμπρννε,
582 1351 637 1418 καί
655 1356 729 1438 πρίν
752 1350 804 1417 dui
825 1353 998 1435 μοναύικοῦ
1017 1347 1121 1437 φωτὸς
1140 1347 1176 1413 τὸ
1197 1349 1329 1432 σύμπαν

239 1456 384 1542 ἑφύτιζε.
435 1450 516 1518 κατά
548 1454 583 1516 δὲ
604 1452 661 1535 τὴν
687 1449 835 1536 τετάρτην
856 1450 979 1535 ἡμέραν
1001 1451 1153 1538 τριαῦικηῖ
1180 1447 1266 1535 prael
1287 1448 1328 1513 τά

239 1558 339 1619 πάντα
360 1553 571 1638 κατηῦγασεν,
594 1546 645 1615 ῦτε
666 1547 785 1636 depluit}
809 1548 827 1613 ῦ
848 1545 935 1633 ἥλιος
956 1547 1095 1632 Χριστὸς
1120 1549 1270 1612 datarus.
1294 1545 1329 1611 τὸ

237 1657 298 1735 μὲν
317 1652 379 1740 γάρ
400 1651 572 1734 μοναῦικόν
593 1653 690 1716 ἐκεῖνο
703 1652 772 1735 pair
793 1649 890 1724 τύπος
905 1643 944 1732 ἤν
963 1652 1019 1730 τῆς
1036 1649 1233 1731 μοναρχικῆς
1253 1645 1329 1712 θεύ-

238 1777 344 1838 τητος,
363 1751 398 1816 τὸ
424 1754 459 1817 δὲ
480 1748 644 1834 τριαῦιιιῦν
661 1751 750 1816 τοῦτο
775 1753 843 1834 pais
871 1751 933 1813 τῶν
952 1752 1050 1831 τριιῦν
1070 1745 1167 1810 πάλιν
1188 1746 1327 1811 ῦποστά·

238 1876 319 1918 σεων
339 1853 435 1927 τύπος
453 1842 502 1936 ἦν.
559 1841 647 1925 οὗτος
680 1852 715 1914 δέ
737 1851 822 1913 ἐστιν
852 1843 868 1912 ὅ
903 1844 991 1932 ἥλιος
1018 1845 1093 1930 περὶ
1116 1837 1155 1909 οῦ
1176 1846 1327 1927 Σσλσμιῦν

238 1956 321 2034 λέγει
340 1947 526 2035 „dearilla
548 1948 566 2013 ῦ
587 1945 695 2033 ἦλιος”
715 1950 813 2032 (τοῦτ’
835 1946 902 2013 ἔστι
917 1945 1069 2033 Χριστὸς)
1091 1943 1167 2027 „tut
1185 1948 1253 2028 γῆς,
1274 1946 1331 2013 καί

239 2048 325 2116 ῦύντι
346 2051 363 2115 ῦ
386 2046 493 2134 ἥλιος”
516 2051 670 2137 (τουτέστι
688 2045 769 2131 πρὸς
783 2046 884 2135 τάφον
900 2051 1026 2134 χωρεῖ),
1047 2045 1125 2126 ,μοι’
1138 2039 1234 2109 πάλιν
1249 2045 1329 2129 πρὸς

160 2161 187 2215 P.
198 2148 294 2227 34τὸν
314 2151 409 2216 τύπον
442 2150 541 2215 αύτοῦ
568 2141 715 2217 ῦνεισιν.”
762 2149 797 2210 ἐκ
826 2150 884 2210 τοῦ
905 2148 996 2232 ἦλιόο
1029 2146 1064 2210 δὲ
1085 2152 1269 2228 χορηχεῖται
1291 2148 1330 2230 τῇ

181 2269 185 2289 ·
238 2248 351 2336 σελήνη
378 2246 414 2313 τῦ
435 2249 523 2334 φιῦς,
557 2243 606 2311 ῦτι
639 2249 695 2311 καί
723 2247 758 2309 ἐκ
777 2249 834 2309 τοῦ
855 2249 1001 2329 Χριστοῦ
1027 2248 1083 2309 τοῦ
1102 2245 1214 2329 νοητοῦ
1235 2245 1337 2329 ἦλίοσ

238 2345 474 2427 καταλάμπεται
493 2346 512 2430 ἦ
529 2345 676 2429 εἰικλησία
697 2348 753 2408 καί
769 2342 881 2420 πάντες
901 2343 929 2409 οὶ
948 2339 1050 2426 ἅγιοι·
1092 2345 1149 2426 ,,ε’κ
1169 2347 1231 2410 τοῦ
1250 2349 1329 2426 πλη·

239 2444 406 2530 ριύματσς”
425 2445 487 2528 γάρ
511 2468 608 2530 φησιν
629 2445 751 2526 »αύτοῦ
771 2435 884 2520 πάντες
904 2445 1088 2527 ἐλάβομεν.”

309 2598 333 2649 7.
352 2579 421 2635 ὅταν
440 2579 467 2631 P.

238 2693 314 2744 naria
331 2692 409 2761 quasi
428 2690 584 2756 recondita,
605 2690 725 2743 divinum
745 2691 822 2743 illum
840 2688 1008 2745 anastasium
1027 2691 1128 2756 habes,
1149 2693 1197 2763 qui
1217 2711 1269 2763 per
1287 2695 1328 2746 al-

239 2763 355 2832 legorias
372 2763 441 2815 haec
458 2764 488 2814 in
503 2762 577 2814 hunc
594 2761 704 2815 modum
724 2763 851 2815 declarat
873 2764 920 2815 lux
939 2764 988 2815 illa
1006 2764 1226 2832 praecedentium
1245 2766 1329 2819 trium

240 2836 354 2897 dierum,
376 2834 411 2886 de
431 2851 485 2903 qua
502 2833 610 2884 litterae
629 2850 720 2885 sacrae
740 2833 820 2904 (Gen.
845 2850 853 2883 ι
881 2835 908 2906 3)
928 2832 969 2885 bis
988 2834 1078 2886 verbis
1094 2836 1246 2905 loquuntur
1264 2837 1329 2901 „di-

240 2906 282 2957 xit
301 2905 381 2967 deus,
413 2906 512 2956 existat
529 2904 592 2966 lux,
623 2912 652 2955 et
672 2905 778 2955 exstitit
796 2904 875 2966 lux‚''
901 2903 968 2956 haec
989 2905 1071 2973 igitur
1089 2922 1138 2975 per
1157 2922 1266 2958 omnem
1285 2925 1328 2959 re-

239 2994 298 3027 rum
324 2976 526 3027 universitatem
555 2975 689 3043 explicata
713 2974 844 3026 trinitatis
871 2975 946 3026 illius
970 2976 1108 3028 increatae
1139 2976 1227 3028 lucem
1244 2978 1328 3030 nobis

239 3053 440 3114 repraesentat,
468 3062 602 3114 nusquam
629 3064 685 3098 uon
714 3045 833 3097 locorum
856 3055 1060 3116 penetrantem,
1087 3048 1128 3099 uti
1148 3064 1219 3168 quae
1241 3050 1328 3101 nullis

238 3117 274 3167 sit
293 3116 392 3166 finibus
413 3116 621 3185 circumscripta.
647 3124 825 3186 posteaquam
849 3134 911 3168 vero
932 3118 1078 3185 caliginoso
1099 3118 1145 3187 qui
1167 3136 1208 3170 em
1231 3121 1328 3188 prius,

237 3194 266 3237 at
284 3185 412 3254 deinceps
432 3193 544 3254 propter
569 3188 698 3240 unionem
724 3187 816 3239 lucido
840 3188 1031 3257 imponebatur
1049 3189 1139 3253 disco,
1158 3189 1259 3242 Christi
1277 3190 1333 3242 ati-¹

236 3257 463 3308 ministrationem
494 3257 524 3308 in
552 3274 633 3309 carne
662 3258 741 3309 nobis
768 3260 846 3329 quasi
872 3258 1046 3311 delineabat:
1072 3277 1135 3311 nam
1153 3259 1201 3311 ille
1219 3278 1270 3312 nor
1290 3260 1327 3313 ob

234 3337 376 3397 peccatum
401 3327 563 3395 caliginosos
588 3346 637 3399 per
657 3330 786 3380 unionem
815 3330 891 3382 illam
909 3331 1078 3399 personalem
1097 3330 1275 3383 collustravit.
1295 3348 1329 3384 aa

235 3400 310 3468 prius
330 3396 440 3466 quidem
461 3414 516 3466 per,
529 3400 635 3452 unicam
653 3399 741 3451 lucem
758 3400 911 3452 universum
928 3400 981 3454 hoc
998 3402 1214 3467 illuminabatur,
1231 3419 1327 3455 verum

236 3470 281 3520 die
301 3477 398 3538 quarto
416 3469 488 3519 trina
505 3469 566 3520 luce
582 3478 678 3523 cuncta
698 3470 948 3540 perfundebantur,
976 3473 1102 3525 nimirum
1118 3480 1264 3542 postquam
1284 3474 1327 3525 sol

207 3602 209 3605 Ι
235 3541 282 3593 ille
301 3548 394 3592 notter
421 3538 543 3591 Christus
560 3550 669 3593 exortus
691 3550 739 3593 est.
768 3560 830 3593 nam
847 3544 941 3594 lumen
957 3542 1027 3594 illud
1043 3545 1152 3595 tunicum
1170 3542 1326 3597 divinitatis

233 3629 288 3662 uno
306 3619 402 3663 cuncta
419 3610 675 3678 comprehendentia
695 3613 809 3681 imperio
829 3614 1001 3664 simulacrum
1023 3623 1094 3678 erat,
1120 3613 1233 3667 ethaeo
1254 3617 1327 3666 trina

234 3681 282 3733 lux
298 3681 393 3734 itidem
408 3682 487 3732 trium
506 3699 679 3750 personarum
692 3692 750 3734 erat
766 3684 857 3750 figura.
869 3684 910 3735 sol
926 3692 1016 3735 autem
1033 3685 1085 3736 iste
1096 3684 1270 3754 intelligitur,
1289 3685 1326 3737 de

233 3769 288 3821 quo
302 3754 411 3804 Solomo
425 3752 538 3820 (Ecclee.
555 3773 563 3805 ι
580 3756 607 3823 5)
620 3754 688 3806 dicit
699 3756 840 3817 „exoritur
857 3755 914 3806 sol'
934 3754 997 3820 (hoo
1016 3763 1058 3807 est
1072 3755 1205 3828 Christus)
1223 3774 1324 3826 „supra

233 3830 345 3885 terram,
368 3832 396 3875 et
414 3823 516 3875 occidit
535 3825 591 3877 sol”
612 3824 675 3890 (hoe
693 3833 735 3876 est
754 3825 783 3876 in
800 3825 953 3895 sepulcrum
971 3842 1030 3877 sese
1052 3827 1168 3896 confert)
1185 3843 1324 3891 „rursusn-

232 3909 287 3961 que
306 3910 382 3944 suum
401 3893 436 3944 ad
456 3894 545 3947 locum
564 3895 666 3960 redit,’'
684 3896 810 3948 nimirum
840 3895 876 3948 ad
893 3904 1006 3965 patrem.
1025 3895 1060 3947 ab
1080 3897 1175 3949 eodem
1196 3898 1255 3949 sole
1276 3899 1322 3950 lun

231 3963 313 4014 lunae
348 3964 550 4032 suppeditatur,
581 3969 647 4036 quia
666 3984 716 4038 per
734 3967 888 4029 Christum,
907 3967 994 4018 solem
1013 3967 1090 4018 illum
1108 3968 1320 4031 intellectilem,

231 4039 287 4085 tara
310 4033 423 4085 ecclesia
450 4051 531 4102 quam
560 4055 652 4090 omnes
682 4038 920 4090 hominessancti
938 4037 1144 4090 collustrantur:
1163 4040 1268 4108 quippe
1287 4039 1320 4092 de

231 4104 317 4174 ipsius
339 4103 529 4176 plenitudine,
548 4107 618 4162 sicut
635 4110 683 4161 ille
704 4111 746 4162 nit
761 4107 866 4179 (lousa.
889 4129 899 4164 1
926 4111 984 4181 ιδ),
1003 4126 1097 4163 omnes
1115 4112 1287 4182 sumpsimus.
