2700 4792
365 263 576 326 ausanium
605 264 706 327 esus
739 268 763 327 r.
1026 238 1106 349 189

36 419 109 487 ’ναι
127 416 260 504 ἔφησεν,
291 415 434 478 τουτέστι
463 415 578 495 γνοῦσιν
605 416 795 499 τελεωτέραν
814 415 902 499 τινώ,
925 406 962 501 ῆς
982 419 1135 497 ἰαιβοῖ-Β

38 545 94 585 nr
119 518 175 581 οἰκ
194 515 337 599 α’σφαλὲς
361 519 428 587 τοῖς
447 535 483 594 γε
514 515 705 595 λιχνοτίροις
734 511 790 598 τῆν
810 511 930 601 ἔφεσιν.
972 519 1108 601 πρόσεχε

36 613 94 682 ἰν.
131 617 287 679 δέδεικται
308 608 367 694 γιίρ
390 612 424 675 ἑκ
445 614 568 675 πολλῶν
600 605 649 674 ότι
668 613 817 695 βρώσεως
835 616 990 698 αἰσθητῆς
1009 618 1043 679 ἐν
1064 614 1106 699 τῷ

36 713 205 800 ιραδειλτιρ
228 713 286 774 ου’νι
306 702 463 792 ῆνὲνδεῆς
485 707 502 772 ό
524 710 643 790 Ἀδάμ·
686 708 847 787 οἰθοὶνατος
866 713 925 796 γάρ
948 711 1009 777 ὑπό
1033 714 1110 778 θεοῦ

36 815 203 895 τραχθείς
222 813 279 872 οσίι
299 802 338 891 ῆν
362 805 492 882 ου’δενός
510 804 625 892 ε’νδεῆς.
667 810 724 873 ιιαί
743 809 779 874 τί
793 808 857 895 χρῆ
879 811 978 875 πολλὰ
1000 815 1110 894 λέγεινς

58 915 142 985 καθ’
172 905 340 991 ὁμοιότητα
371 906 434 970 τών
455 900 593 990 ἀγγέλων
626 907 661 972 ἐν
681 912 723 994 τῆ
751 905 923 974 α’ναστοὶσει
944 906 1111 993 ζῆσεταιό

36 1014 189 1091 θρωπος
201 1009 291 1091 (,,ιιαί
306 1004 447 1070 ἔσονται”
467 1004 527 1091 γάρ
541 1029 619 1090 φησι
631 1002 765 1087 ,πάντες
784 1007 828 1083 οός
841 1000 964 1091 ἄγγελοι
985 1010 1110 1098 θεοῦ”),

59 1110 107 1173 δὲ
125 1111 180 1192 τῆς
200 1101 402 1180 οἷναστάσεως
433 1106 528 1187 χάρις
550 1100 644 1170 οἰδὲν
672 1099 747 1170 ἄλλο
775 1105 861 1172 ἐστίν
883 1105 961 1172 sord
981 1130 1017 1190 γε
1036 1109 1111 1184 τούς

36 1210 132 1284 είους
146 1208 285 1289 πατέρας
307 1200 327 1289 ῆ
346 1201 423 1287 πρός
440 1202 475 1268 τό
497 1198 630 1286 ἀρχαῖον
648 1207 711 1269 τών
728 1203 931 1270 πεπτωκότων
950 1204 1111 1271 α’ποκατό·

36 1328 155 1387 τασις,
175 1301 308 1389 εδδηλον
327 1302 448 1378 πάντως
470 1299 521 1368 ότι
541 1301 602 1388 πρό
626 1308 683 1387 τῆς
713 1303 925 1391 παραβάσεως
948 1305 1112 1389 ἰσόγγελον

36 1425 96 1481 χε
115 1404 168 1488 τῆν
192 1400 276 1484 ζωῆν
302 1400 318 1465 ό
349 1397 465 1482 Ἁδοὶμ,
489 1398 569 1486 μῆτε
591 1399 710 1485 βρώσει
735 1402 815 1486 μῆιε
834 1401 944 1486 πόσει,
961 1404 1108 1489 καθάπερ

36 1498 156 1586 raneos,
179 1501 351 1585 χρώμενος,
380 1494 428 1565 ότι
450 1504 533 1584 μηδὲ
554 1498 642 1585 παρὰ
670 1510 734 1577 τοῖς
755 1503 896 1585 ἀγγέλοις
916 1505 1025 1579 αδτοϊς
1046 1527 1141 1581 ros-c

36 1597 121 1665 ἷτόν
138 1626 168 1666 τι
189 1598 392 1686 τεθεώρηται.
433 1600 478 1683 μῆ
500 1602 604 1665 τοίνυν
617 1603 652 1665 ἐν
669 1603 851 1690 παραδείσῳ
869 1601 921 1668 τόν
941 1597 1111 1686 ἄνθρωπον

36 1693 173 1784 ’σθητῆς
194 1703 407 1784 ἐμφορεῖσθαι
429 1696 536 1778 νόμιζε
560 1699 717 1783 βρώσεως,
741 1696 790 1764 ότι
809 1703 891 1784 μηδὲ
908 1700 1020 1786 χρείαν
1044 1694 1110 1783 εἶχε

36 1793 137 1882 ῑῦτης
167 1802 268 1870 ἐκεῖσε
297 1796 349 1861 διώ
370 1821 405 1879 γε
434 1796 491 1880 τῆν
522 1803 607 1885 αὐτῷ
630 1800 816 1881 τηνικαῦτα·
830 1804 1016 1883 προσοῦσαν
1031 1802 1111 1887 rind-

36 1910 127 1962 Είοιν.
144 1899 211 1962 ἀλλ’
227 1900 282 1962 ε’πί
300 1895 422 1971 τούτοις
441 1897 652 1981 ιίμφιβιίλλειν
671 1895 728 1959 ου’τι
751 1895 897 1978 ἔπρεπεν.
919 1897 1026 1981 ε’πειδῆ
1039 1900 1109 1984 γὰρ

36 1989 45 2044 l
99 1994 213 2080 φυσικὰ
233 1998 334 2059 ταῦτα
364 1991 467 2076 πάθη,
494 2003 584 2059 πεῖνα
605 1997 684 2076 λέγω
714 1992 769 2058 καί
790 1997 870 2074 δίψα
892 1992 985 2068 κόπος
1015 1994 1111 2073 ὕπνος

36 2083 122 2177 λύπη
149 2092 231 2177 λόπη
255 2095 313 2158 καί
342 2091 379 2159 τό
404 2092 516 2173 λοιπά,
536 2090 616 2173 μετιί
637 2090 693 2174 τῆν
717 2089 899 2176 παράβασιν
920 2097 965 2167 εἰς
985 2092 1036 2159 τόν
1054 2095 1110 2159 ιίν-

36 2189 185 2263 adnisos
205 2196 275 2275 βίον
295 2193 505 2277 εἰσῆλθοσαν,
537 2191 579 2266 ώς
599 2189 616 2254 ό
638 2187 728 2274 λόγος
748 2186 810 2276 ῆδη
831 2191 961 2277 φθάσας
980 2194 1111 2277 ἐγνώρι-

36 2300 102 2371 w,
121 2294 264 2377 φαίνεται
278 2289 400 2367 πάντως
421 2285 468 2356 ότι
489 2288 549 2373 πρό
571 2292 626 2374 τῆς
647 2285 805 2374 ἁμαρτίας
826 2289 843 2353 ό
866 2283 1033 2376 ἅνθρωπος
1053 2290 1110 2355 οδκ

36 2401 97 2461 κε
124 2389 157 2454 τό
188 2388 423 2472 καταναγκάζον
455 2385 556 2454 αἰτόν
584 2390 739 2474 αἰσθητῆς
768 2385 927 2455 ἅπτεσθαι
949 2387 1109 2473 βρώσεως.

36 2483 78 2544 ῑί
114 2495 146 2555 ss'
162 2488 225 2576 χρῆ
251 2486 351 2554 πολλοὶ
370 2494 469 2572 λέγειν
476 2514 487 2570 ς
509 2485 594 2571 εἴγε
614 2490 734 2575 τροφῆς
761 2479 800 2574 ἦν
820 2487 926 2576 ἰνδεῆς
944 2485 962 2554 ό
983 2484 1144 2577 drino-1)

36 2784 162 2837 ¹²ndam
181 2783 382 2853 cognitionem,
412 2784 446 2837 nd
466 2802 547 2855 quam
566 2781 732 2836 contendere
751 2783 822 2835 vella
840 2801 896 2836 non
915 2793 1004 2838 tutum
1018 2795 1059 2840 est
1076 2789 1110 2840 iis
1168 2792 1170 2797 '

36 2859 143 2908 lorum
160 2857 296 2925 cupiditas
314 2857 375 2925 plus
388 2872 476 2925 aequo
496 2865 537 2908 est
554 2855 643 2909 avida.
661 2856 745 2922 igitur
763 2855 959 2909 animadvertas
973 2874 1031 2910 esse
1048 2875 1112 2928 pro-

36 2926 124 2976 Uum
140 2927 319 2997 complurium
338 2928 517 2990 auctoritate,
537 2943 593 2977 non
614 2927 716 2994 eguisse
734 2924 864 2976 Adamum
883 2929 911 2977 in
929 2928 1053 2997 paradiso
1073 2929 1112 2980 ei-

36 2997 52 3029 ⁰
80 2999 199 3065 quodam
219 2997 322 3049 sensili.
343 2999 445 3066 quippe
458 3015 518 3048 curn
538 2997 699 3048 immortalis
717 3013 732 3046 a
751 2996 803 3047 deo
821 2997 945 3050 conditus
964 3008 1051 3063 esset,
1073 3000 1112 3052 rei

36 3057 130 3119 1¹llius
150 3067 299 3137 indigebat.
331 3077 359 3119 et
385 3067 453 3137 quid
471 3067 538 3118 baec
560 3084 609 3137 ego
627 3068 758 3137 prolixius
778 3067 883 3119 tracto?
903 3069 926 3120 si
948 3069 982 3120 ad
1002 3071 1112 3138 angelo-

36 3138 89 3182 “111
108 3139 310 3191 similitudinem
323 3139 352 3188 in
370 3139 569 3190 resurrectione
589 3139 707 3191 victurus
726 3146 767 3189 est
780 3137 870 3202 homo,
882 3140 1111 3208 quemadmodum

36 3208 204 3279 '‘faeriptum
234 3210 349 3277 legimus
378 3208 486 3279 (Marah.
508 3224 541 3259 aa
561 3209 605 3276 50)
638 3218 737 3271 „erunt
757 3226 849 3260 omnes
876 3219 1005 3281 tanquam
1023 3211 1112 3281 angeli

42 3279 109 3335 ΒΨ
134 3290 161 3332 et
178 3297 241 3331 vero
271 3280 293 3331 si
319 3280 523 3332 resurrectionis
546 3278 708 3330 beneficium
732 3279 767 3330 de
793 3284 929 3332 sententia
958 3282 1110 3334 divinorum

36 3347 135 3417 ,notrum
152 3350 222 3403 nibil
244 3359 285 3401 est
303 3349 381 3400 aliud
399 3367 478 3419 qnam
497 3351 633 3418 lapsorum
653 3349 688 3400 ad
705 3349 891 3402 condicionem
909 3353 1050 3421 pristinam
1068 3368 1112 3403 re-

36 3411 144 3483 lututio,
161 3421 279 3488 intelligi
290 3422 433 3490 perspicue
447 3421 676 3490 potestrldamurn
694 3418 757 3471 aute
772 3424 1008 3489 transgressionem
1028 3426 1110 3473 vitam

36 3488 165 3548 mgelioae
191 3507 284 3561 parem
312 3492 415 3558 egisse,
438 3508 489 3543 nee
515 3491 576 3541 cibo
601 3507 652 3541 nec
675 3499 760 3559 potu,
781 3508 830 3542 cen
850 3493 984 3555 diximus,
1014 3510 1110 3556 usum,

36 3559 138 3611 luendo
150 3563 217 3632 quid
227 3561 359 3613 eiusmodi
379 3579 429 3615 nec
447 3562 475 3612 in
493 3562 595 3631 angelis
615 3561 704 3612 locum
720 3559 811 3613 babet.
833 3572 998 3631 quapropter
1015 3563 1110 3613 existi-

36 3628 107 3679 mas-0
122 3634 175 3683 noli
190 3632 329 3684 bominem
348 3633 378 3683 in
396 3631 522 3703 paradiso
540 3632 634 3683 sensili
654 3632 819 3683 nutrimento
838 3648 866 3683 se
885 3634 1004 3695 satiasse,
1023 3649 1111 3701 quan-

37 3681 175 3770 quuidern
206 3704 268 3754 istic
294 3719 326 3754 eu
345 3720 399 3754 nou
424 3701 567 3771 indigebat
592 3708 735 3771 propterea
765 3701 839 3771 quod
857 3703 944 3752 omnis
962 3711 1019 3752 tum
1034 3702 1111 3754 adse-

38 3764 130 3822 tunnis
149 3783 219 3826 esset
238 3790 341 3843 expers.
361 3775 498 3825 enimvero
516 3775 653 3824 nemiuem
677 3771 727 3823 bae
748 3772 777 3823 in
795 3780 872 3840 parte
893 3769 1028 3840 ambigere
1046 3790 1111 3825 con-

37 3837 162 3895 Veniebat.
178 3862 241 3897 nam
260 3861 320 3896 cunr
339 3845 506 3897 adsertiones
525 3844 754 3904 insonaturum,
774 3843 857 3893 lanies
876 3842 985 3912 iuquam
1004 3852 1032 3895 et
1050 3846 1110 3897 sitis

39 3905 60 3945 ‘l
81 3905 196 3982 fatigatio
224 3925 253 3967 et
277 3933 386 3967 somnus
411 3925 439 3968 et
465 3914 543 3968 dolor
569 3920 597 3964 et
612 3928 719 3964 moeror
741 3922 769 3964 et
788 3922 925 3975 caeterae,
943 3922 1006 3982 post
1022 3923 1110 3966 trans-

38 3978 189 4037 ssessionem
209 3987 326 4056 primum
345 3988 429 4038 vitam
448 3985 591 4036 humanam
611 3983 767 4045 invaserint,
785 3990 816 4032 ut
836 3984 968 4051 superiori
987 3987 1110 4037 oratione

39 4034 183 4123 ἀοξῒῑιίαιιιι,
207 4065 283 4126 ροισι
306 4058 417 4109 omnino
444 4064 508 4106 ante
538 4061 679 4124 peecatum
698 4051 834 4103 bominem
858 4070 954 4106 causae
974 4056 1043 4107 nihil
1061 4056 1111 4106 ba-

37 4099 137 4188 lneae,
154 4144 224 4198 quae
243 4128 331 4197 ipsum
347 4126 382 4179 ad
405 4124 564 4180 sumendum
584 4123 713 4178 sensilem
732 4122 866 4194 quendam
886 4123 977 4179 cibum
994 4134 1109 4197 cogeret
