2766 4800
216 213 271 302 60
551 249 776 314 arcuatus.
797 244 962 312 clueas:

215 409 235 492 ἡ
260 404 398 490 μὲνγὰρ
428 392 517 489 ῥῆξις
542 402 599 468 τὸν
623 401 777 488 κεραυνόν
797 402 1003 484 ἀπεγέννηοε,
1032 403 1088 465 τοῦ
1111 403 1228 486 νέφους
1248 398 1302 488 βέρ

216 508 425 580 σπασθέντος·
468 503 639 587 τηνικαῦτα
662 505 698 568 δέ
714 502 856 566 θυλάκου
873 494 976 584 ὥσπερ
999 501 1225 584 ὅιαρραγέντος
1249 496 1302 563 ria·

189 605 271 681 οτός
290 601 517 689 κατενήνεκται.
568 600 585 668 ὅ
619 606 655 668 δέ
676 626 710 686 ys
741 605 794 685 τῆς
827 597 946 686 ῥήξεως
975 593 1053 684 ἦχος
1081 596 1139 683 τὴν
1167 597 1303 684 βροντήν

217 706 433 789 ἀπεγέννησεν.
482 705 551 768 αλλ’
581 705 649 766 ἐκεῖ
671 705 728 781 μὲν
759 704 810 765 δεῖ
833 703 958 785 πρῶτον
986 699 1122 785 ῥαγῆναι,
1145 696 1182 763 τέ
1206 699 1304 784 νέφος

190 864 194 873 ,
216 804 272 870 καί
290 800 371 869 οὕτω
402 807 539 889 φανῆναι
564 800 622 886 την
641 798 823 885 αότραπην·
874 797 967 883 ἡμεῖς
987 801 1022 863 δὲ
1036 801 1092 865 τοῦ
1111 796 1214 882 πυρὸς
1234 796 1332 861 dns-5

218 903 446 986 λαμβανόμεθα
471 901 633 988 πρότερον.
685 900 797 966 τούτου
823 901 858 964 δέ
879 897 978 965 αἴτιον
1003 898 1024 984 ἦ
1048 900 1109 964 ταῖν
1126 896 1230 962 circius
1251 894 1308 962 καὶ

218 1007 282 1068 τῶν
303 1001 480 1087 ὀφθαλμῶν
509 1000 737 1084 διοργιένωοις·
792 997 822 1064 οὶ
852 1002 912 1080 μέν
938 996 1000 1083 γὰρ
1026 998 1193 1083 έφθαλμοέ
1213 992 1308 1082 ἦμοῖν

142 1156 145 1162 .
220 1103 345 1183 α’μέοοος
378 1096 558 1182 ὁμιλοῦντες
591 1103 635 1187 τῷ
664 1101 734 1183 α’έρι
756 1102 813 1162 τοῦ
834 1097 1089 1182 ὁρατοῦθᾶττον
1110 1092 1308 1178 ἀντιλαμβα-

219 1202 340 1281 νοντοιι,
366 1194 383 1264 ὃ
411 1202 447 1263 δέ
476 1221 510 1282 γε
537 1208 602 1274 τοῖς
631 1200 734 1274 ω’τέοις
764 1199 1013 1284 προβεβλημένος
1038 1193 1222 1280 κοχλοτιδης
1248 1190 1309 1259 πό-

218 1322 274 1383 ρος
303 1300 447 1382 βραδέως
481 1294 599 1380 εἰσάγει
625 1295 680 1362 τόν
716 1297 835 1384 ψόφον.
884 1297 1049 1379 κοχλοειδῆ
1069 1297 1104 1360 dl
1125 1293 1179 1359 τὸν
1198 1296 1355 1358 roton-10

218 1421 272 1464 τον
292 1395 498 1462 κατεσκεύασε
531 1394 668 1482 πόρουέ
698 1393 889 1481 δημιουργὸς
912 1393 1002 1480 ἡμῶν
1018 1392 1112 1475 θεός,
1132 1395 1185 1458 ἵνα
1204 1391 1251 1479 μη
1274 1394 1311 1457 έκ

217 1500 280 1564 τοῖν
300 1495 561 1581 παρακοπτόντων
580 1491 658 1580 ἡμῖν
677 1491 823 1581 ἀθρόων,
846 1492 910 1560 εἴτε
924 1494 1035 1580 ψόφου
1048 1491 1109 1558 εἴτε
1127 1493 1224 1577 α’έρος
1242 1507 1313 1573 ψυ-

220 1599 319 1679 χροῦ,
354 1591 371 1660 ὃ
389 1597 563 1680 ἐγκέφαλος
583 1592 673 1680 ἡμῶν
694 1597 733 1661 od
752 1597 875 1679 μικροῖς
895 1591 1160 1678 καταβλέπτηται.
1201 1595 1257 1656 καὶ
1281 1593 1313 1657 εἰ

189 1699 278 1777 uuir
298 1693 361 1759 α’πὸ
385 1697 555 1778 ξηροτάτου
582 1698 699 1781 νέφους
726 1690 743 1758 ὅ
764 1692 915 1780 κεραυνός
935 1695 1052 1781 έκρογῇ
1061 1743 1070 1775 ,
1093 1695 1258 1778 φοινικοῦς
1276 1715 1314 1757 τε

220 1794 278 1880 την
297 1793 411 1879 χροιὰν
433 1793 450 1859 ὅ
476 1793 616 1872 τοιοῦτός
637 1795 706 1860 έοτι
733 1799 789 1860 κατ’
810 1793 866 1880 την
886 1794 998 1860 otacus
1021 1788 1202 1878 φλογώδης,
1224 1793 1256 1856 ei
1270 1790 1357 1856 ,δὲιδ

219 1896 275 1980 ἀφ’
295 1894 466 1980 ν’μροτέρου
487 1897 614 1981 νέφους,
634 1891 743 1961 λευκόν
763 1919 798 1960 rs
822 1894 889 1979 ἔχει
909 1892 946 1960 τὰ
967 1895 1084 1978 χρῶμα
1107 1892 1164 1957 καί
1182 1891 1314 1957 unuani.

223 1997 279 2080 (λης
297 1993 421 2078 ἥκιστα.

291 2089 381 2161 Οὕτω
397 2097 458 2177 μὲν
470 2087 561 2177 οὕτω,
572 2092 717 2181 καθάπερ
734 2089 858 2160 ἄνωθεν
872 2090 1007 2178 εἴρηται,
1019 2096 1075 2157 καί
1087 2088 1163 2166 τούς
1176 2091 1315 2178 ἀστέρας

221 2193 297 2270 τούς
316 2195 462 2271 ἀπλανεῖς
482 2219 516 2260 τε
535 2198 591 2259 καί
610 2197 834 2276 πλανωμένους
849 2195 894 2268 οές
908 2201 1024 2276 σημεῖα
1043 2190 1096 2256 καί
1116 2192 1162 2266 εἷς
1182 2189 1315 2275 καιροές

223 2292 382 2378 ὄποιητης
405 2293 529 2359 πάντων
548 2291 606 2357 καὶ
623 2292 731 2379 κύριος
751 2291 854 2358 ἔθετο.
871 2296 1002 2376 κυρίους
1022 2294 1057 2356 δέ
1078 2293 1143 2356 τῶν
1160 2293 1213 2377 ἐφ’
1236 2290 1315 2377 ἡμῖν
1323 2311 1359 2353 ao

223 2394 337 2478 α’ρετῆς
356 2415 391 2457 τε
423 2396 477 2458 καὶ
495 2394 606 2468 κακίας
635 2389 841 2478 παρεκτικούς
864 2387 921 2457 οὗκ
939 2386 979 2458 ἄν
999 2415 1073 2457 ποτε
1098 2389 1169 2479 εἴπῃ
1190 2415 1242 2468 τις
1262 2399 1315 2456 λο-

224 2496 341 2578 γισμοῦ
360 2488 466 2580 κέρκος
486 2486 552 2576 ὤν,
584 2492 618 2560 si‘
630 2516 665 2578 ys
692 2495 748 2558 καί
776 2495 898 2576 μᾶλλον
924 2486 1040 2580 ἤκουον
1076 2495 1134 2557 τοῦ
1153 2495 1234 2559 θεοῦ
1257 2494 1314 2558 δια

299 2654 337 2706 18.
355 2648 439 2727 odra]
459 2647 529 2709 adr?

226 2816 338 2886 cogitur.
358 2818 473 2870 alterum
493 2835 557 2871 vero
574 2817 677 2870 tulmen
696 2818 813 2888 gignitur
834 2818 936 2871 collisis
948 2818 1020 2871 inter
1038 2836 1067 2871 se
1086 2815 1207 2871 nubibus
1225 2836 1316 2890 eaque

226 2887 262 2939 de
286 2906 365 2940 causa
390 2890 535 2959 perruptis.
565 2905 627 2939 nam
651 2906 682 2942 ea
706 2891 845 2960 perruptio
872 2891 977 2942 fulmen
995 2890 1081 2942 eflicit
1098 2890 1171 2942 nube
1190 2907 1241 2961 per
1260 2892 1318 2943 vim

226 2960 370 3011 convulsa:
388 2960 469 3010 simul
487 2968 546 3010 utre
567 2960 643 3029 quasi
661 2959 779 3030 quodam
797 2969 893 3030 rupt0‚·
908 2962 1000 3032 pluvia
1019 2959 1164 3012 delabitur.
1183 2962 1317 3031 strepitus

226 3031 284 3100 ipse
302 3031 487 3099 perruptionis
510 3030 613 3081 tonitru
631 3032 723 3084 efficit.
752 3039 780 3083 et
795 3031 897 3083 nubem
915 3032 1026 3102 quidem
1047 3033 1184 3102 perrumpi
1202 3050 1317 3085 necesse

228 3108 288 3164 est,
316 3108 346 3150 ut
369 3102 408 3151 ita
435 3099 526 3168 fulgur
550 3103 743 3171 conspiciatur:
772 3119 821 3154 nos
843 3119 907 3154 vero
931 3104 1005 3173 prius
1027 3103 1115 3173 ignem
1137 3104 1317 3174 percipimus.

228 3171 286 3223 eius
308 3171 347 3221 rei
366 3187 445 3221 causa
465 3178 506 3222 est
536 3172 641 3222 aurium
670 3181 698 3224 et
718 3173 858 3224 oculorum
884 3181 1025 3226 structura.
1054 3192 1116 3225 nam
1134 3174 1206 3225 oculi
1229 3175 1318 3226 nostri

227 3243 295 3293 citra
313 3240 432 3292 medium
451 3238 538 3293 ullum
567 3259 627 3293 cum
645 3250 709 3296 abre
731 3244 818 3295 iuncti
837 3245 916 3296 citius
936 3261 991 3296 rem
1007 3245 1111 3297 uirilem
1132 3243 1319 3314 prehendunt.

227 3321 256 3364 at
273 3320 377 3364 meatus
399 3312 448 3362 ille
460 3320 597 3365 tortuosus
616 3313 799 3384 cochleaeque
819 3315 981 3378 consimilia,
1003 3332 1057 3386 quo
1076 3325 1169 3384 septae
1186 3324 1252 3368 eunt
1271 3334 1320 3367 au-

228 3400 285 3447 res,
312 3381 391 3435 tarde
417 3398 512 3434 sonum
531 3383 658 3436 admittit.
678 3394 706 3438 et
733 3387 824 3456 opifex
841 3396 934 3438 noster
952 3386 1018 3438 deus
1036 3386 1107 3437 hunc
1126 3388 1215 3456 ipsum
1230 3388 1321 3439 instar

228 3452 357 3505 cochleae
382 3460 535 3507 tortuosum
556 3455 693 3520 condidit,
716 3472 752 3508 ne
768 3474 817 3527 per
837 3457 982 3509 illabentes
1001 3458 1092 3508 subito
1107 3459 1163 3509 sive
1185 3460 1320 3528 strepitus

208 3564 210 3573 ,
229 3526 285 3578 sire
302 3525 430 3595 frigidum
448 3532 511 3579 adra
530 3525 670 3578 cerebrum
688 3536 809 3579 nostrum
829 3529 945 3596 graviter
961 3526 1123 3578 laederetur.
1144 3529 1197 3579 iam
1220 3530 1243 3580 si
1264 3529 1320 3580 lul·

228 3613 292 3648 men
310 3614 325 3648 e
342 3595 417 3649 nube
437 3597 583 3649 siccissima
601 3605 736 3667 erumpat,
764 3599 875 3668 punicei
892 3598 991 3650 coloris
1010 3605 1050 3649 est
1069 3605 1097 3648 et
1116 3609 1213 3650 natura
1233 3599 1321 3651 vehe-

228 3676 333 3719 menter
349 3683 444 3721 urens:
463 3669 506 3720 sin
527 3684 561 3720 ex
583 3667 732 3722 humidiori
750 3670 842 3734 nube,
869 3669 988 3721 colorem
1005 3667 1097 3720 album
1115 3668 1200 3724 habet
1217 3688 1250 3722 nc
1267 3671 1320 3723 mi-

229 3755 280 3790 nus
299 3740 360 3791 urit.

299 3809 343 3860 Sic
364 3827 443 3881 ergo,
468 3808 695 3880 quemadmodum
723 3809 895 3879 exposuimus
920 3809 1065 3876 hactenus,
1082 3812 1171 3864 sidera
1189 3829 1248 3864 non
1263 3819 1321 3864 tam

230 3880 346 3930 errantia
364 3899 444 3952 quam
471 3882 583 3934 erratica
609 3897 695 3934 rerum
723 3881 814 3949 opifex
831 3891 912 3950 atque
931 3881 1055 3934 dominus
1073 3883 1101 3934 in
1117 3885 1191 3953 signa
1211 3893 1321 3954 tempo-

230 3966 315 4020 raque
337 3953 487 4006 constituit.
516 3968 548 4003 ea
568 3969 633 4005 vero
660 3960 823 4021 potestatem
842 3951 997 4006 absolutam
1018 3953 1047 4004 in
1067 3955 1188 4006 actiones
1211 3965 1321 4006 nostras

231 4021 352 4086 habere,
372 4024 555 4092 virtutemque
571 4024 651 4076 nobis
669 4023 820 4074 eutvitium
837 4021 949 4090 indere,
967 4041 1047 4076 nemo
1065 4042 1184 4096 nuquam
1204 4027 1320 4078 rationis

232 4110 341 4164 tompus
370 4092 486 4154 dixerit,
513 4095 647 4163 siquidem
672 4094 752 4144 deum
781 4109 829 4160 per
846 4102 934 4146 vatem
954 4095 1031 4165 loqui
1048 4096 1166 4149 audierit
1184 4095 1284 4166 (Isaiae
1308 4115 1316 4148 r

235 4169 278 4240 ιη)
295 4167 334 4232 „si
354 4164 494 4217 uolueritis
521 4173 549 4216 et
563 4163 812 4233 obtemperaveritis
830 4162 897 4215 mihi
907 4205 915 4230 ,
942 4165 1023 4217 bonis
1041 4174 1129 4218 terrae
1145 4170 1321 4232 vescemini?
