2700 4792
851 188 858 229 7ί

286 261 498 324 suusnruu
529 262 631 322 naus
662 262 686 320 1.
946 256 1017 335 19¹

107 411 215 495 „sinas
249 407 318 499 ᾖδεν
340 410 357 475 ὃ
381 411 456 486 θεὸς
480 410 535 478 rtis
554 409 658 492 Ἀδὰμ
685 407 743 494 την
761 409 887 494 ἐντολήν
908 432 942 475 τι
961 435 1023 473 πα.

103 539 129 577 n
159 516 214 576 καί
239 515 299 577 τοῦ
327 512 525 594 παραδείσου
558 513 729 592 τηνικαῦτα
760 508 962 589 ἐκπίπτοντα,
991 512 1028 573 τί

103 607 259 694 αρηγαγεν
279 608 393 691 σίτοις
413 604 436 695 ἢ
458 608 517 693 γὰρ
551 608 614 673 ἔδει
633 608 680 692 μη
699 616 891 692 παραγαγεῖν
910 604 1021 689 aitis,

103 715 188 777 νέντα
208 714 348 780 κωλῦσαι
367 713 423 796 τῆς
442 709 696 794 ἀπηγορευμίνης
711 709 828 792 ἐκείνης
841 704 1021 790 βρώσεως.”
1030 716 1062 769 V.
1073 717 1107 787 7⁸

103 809 172 892 ούς,
200 807 264 894 εἴγε
297 809 488 876 τὰτοιαῦτα
518 809 692 894 φρονοῦσι,
717 810 831 871 πείθου
851 808 1024 887 δὲμᾶλλον

103 907 165 998 α’τηι
189 913 218 974 Γ
217 910 352 996 ρηγορίην
382 911 426 996 τῷ
446 906 579 992 Νίσσης
613 903 697 972 οὕτω
728 909 848 988 λέγοντι
877 898 945 987 „du
966 906 1025 988 μὲν

103 1034 166 1075 aras
191 1012 248 1075 τοῦ
267 1010 392 1092 α’γαθοῦ
410 1006 446 1074 ao*
469 1007 682 1091 ἀνθρώπινον,
701 1007 758 1071 oris
779 1001 928 1089 η’γνόησεν
948 999 964 1068 ὃ
986 1001 1025 1071 τοὶ

103 1108 153 1185 iaia
171 1109 254 1186 θεός.
296 1107 354 1174 ουίι
375 1105 512 1172 ἐκώλυσε
544 1107 590 1171 δὲ·
634 1102 741 1188 οἵσπερ
759 1103 820 1189 γὰρ
837 1103 899 1194 ,την
922 1124 1027 1189 παρα-

103 1206 252 1287 redama,
273 1204 355 1272 οὕτω
376 1205 433 1291 την
454 1206 624 1291 α’νοίκλησιν
643 1205 746 1270 αὐτοῦ
760 1205 854 1269 πάλιν
873 1201 932 1289 την
951 1202 1056 1287 πρὸςίὶ

103 1306 318 1392 νκατενόησε.
359 1309 394 1371 τί
415 1297 490 1386 οίνς
511 1300 640 1387 ἄμεινον
660 1299 702 1390 ἦν
721 1303 861 1369 καθόλου
882 1301 927 1388 μη
950 1307 1029 1388 α’γα·

103 1404 202 1496 φύσιν
221 1408 310 1491 ἡμῶν
329 1409 374 1480 τίς
394 1408 531 1489 γένεσιν,
556 1403 662 1491 ἐπειδη
691 1409 748 1469 τοῦ
774 1407 874 1470 καλοί
891 1405 1029 1489 διαμαρ-

103 1511 194 1589 οὲγνω
212 1507 266 1571 τὸν
287 1501 472 1587 ἄνθρωπον,
501 1499 522 1589 ἢ
542 1507 750 1588 παραχθέντα
772 1506 827 1569 καί
844 1503 1030 1588 νενοσηκότα

103 1605 136 1682 ὃς
155 1604 213 1690 τήν
233 1609 267 1681 ἐξ
283 1608 384 1688 ἀρχῆς
404 1600 501 1690 χάριν
530 1602 582 1667 δαὶ
604 1607 772 1685 μετανοίας
792 1605 1027 1669 ἐπανακαλέσα-

106 1730 183 1783 ντας
201 1703 235 1770 τὸ
259 1701 418 1787 δεύτερον.
459 1696 563 1778 ἄλλως
582 1727 615 1767 τε
638 1701 692 1768 δαὶ
711 1701 768 1788 την
788 1704 888 1768 αὐτοῦ
909 1698 1030 1785 ἀγαθό-

103 1813 231 1888 αγαγείν
260 1803 376 1878 istic
397 1804 534 1887 ἠθέλησε
554 1800 588 1867 τὸ
612 1803 831 1886 ἀνθρώπινον,
858 1798 1030 1884 ὁμολογου-

132 1906 258 1987 προεῖδε
283 1900 425 1986 κοίτην
444 1903 652 1984 γενησομένην
675 1902 779 1965 anitati
799 1900 1028 1983 παρεκτροπην.

102 2029 119 2069 ν
149 2002 188 2066 ου’
225 1998 386 2085 παρήγαγε
409 1998 462 2063 dui
483 2002 575 2063 τοῦτο
596 1998 651 2063 τὸν
672 1994 863 2081 ἄνθρωπον,
885 2002 970 2063 ε’νίκα
995 2001 1031 2061 di

114 2102 209 2166 κακιά
230 2100 336 2183 ἡμῶν,
361 2095 403 2172 ὥς
422 2095 438 2160 ὃ
459 2095 670 2180 Δαμασκηνὸς
691 2095 834 2181 Ἰωάννης
857 2096 1063 2181 φησί,τὴνῦ

103 2228 125 2266 α
147 2203 206 2265 roo*
225 2203 312 2264 θεοῦ.
337 2198 437 2263 πάντα
459 2199 518 2279 μὲν
539 2188 595 2261 οὖν
616 2195 697 2261 καλὰ
720 2194 842 2260 norati
863 2194 947 2276 θεός,
974 2190 1032 2260 ὅσα

103 2309 163 2381 κεῖ,
185 2303 312 2374 ἕκαστος
328 2300 362 2363 δὲ
376 2297 466 2380 ἡμῶν
481 2294 514 2375 ἐξ
534 2298 650 2371 οἰκείας
674 2299 886 2379 προαιρέσεως
900 2297 1032 2360 ἐκκλίνει

103 2398 133 2466 τὸ
156 2397 254 2463 καλὸν
275 2392 297 2481 ἢ
317 2396 353 2462 τὸ
376 2393 482 2460 κακόν.
504 2396 536 2461 εί
557 2394 619 2480 γὰρ
643 2396 699 2460 καί
718 2399 892 2480 ,,συνέφερε
914 2397 956 2482 τῷ
977 2394 1032 2457 οἶν·

103 2501 108 2559 i
128 2499 186 2562 οὐκ
206 2494 377 2589 ι’γεννήθη”
396 2496 492 2581 φησίν
513 2494 531 2557 ὅ
550 2491 669 2580 κύριος,
690 2495 762 2559 ἀλλ’
782 2496 821 2558 ου’
840 2492 896 2581 την
916 2496 1033 2560 οἰκείαν

103 2809 126 2843 m
162 2791 204 2859 agi
237 2798 267 2842 te
305 2789 339 2840 ab
371 2791 406 2841 iis
435 2792 538 2859 petitor
563 2790 611 2859 qui
643 2788 798 2840 huiusmodi
827 2789 985 2858 proferunt:
1010 2793 1032 2843 si

104 2882 116 2914 ι
142 2861 274 2912 ΑιΙαιπιιτα
300 2861 428 2912 mandato
441 2879 496 2911 non
519 2862 668 2930 pariturum
692 2859 810 2929 ideoque
838 2860 964 2928 paradiso
982 2861 1033 2912 eii.

120 2930 298 3000 quamobrem
331 2933 415 3000 ipsum
445 2930 591 2982 condidit?
634 2932 734 2983 etenim
757 2931 801 2981 vel
828 2946 888 2981 enm
916 2931 1033 2984 condere

103 3011 158 3067 rat,
186 3002 231 3053 rel
257 3000 403 3069 prohibere
428 3018 463 3053 ne
491 3001 616 3054 conditus
639 3002 728 3052 cibum
759 3002 837 3051 ilium
855 3007 970 3055 vetitum
992 3013 1035 3056 at-

102 3074 149 3125 has
178 3073 321 3142 opiniones
352 3074 399 3140 qui
428 3082 593 3142 sequuntur,
619 3073 713 3124 missos
741 3073 832 3135 facito,
854 3091 885 3125 ac
902 3075 1034 3144 Gregorio

103 3159 167 3197 'raas
202 3143 319 3212 praesuli
357 3143 437 3197 fidem
467 3143 615 3206 adhibeto,
646 3145 721 3194 caius
754 3143 821 3195 haec
852 3145 934 3197 verba
962 3155 1033 3199 sunt.

121 3214 170 3284 qui
196 3214 285 3264 omnia
318 3215 412 3276 novit,
441 3214 514 3266 haud
546 3214 690 3284 ignorabat
718 3230 733 3265 e
764 3216 837 3266 bono
867 3217 1035 3270 exorbitatu-

103 3288 183 3350 [nem5
211 3300 300 3353 neque
329 3293 419 3337 tamen
445 3284 497 3336 hoc
524 3285 674 3354 impedivit.
705 3286 931 3354 quemadmodum
962 3290 1034 3340 enirn

103 3373 177 3407 anem
202 3355 404 3424 prospiciebat,
431 3357 469 3407 sic
498 3365 526 3407 et
559 3357 756 3407 revocationem
782 3359 839 3409 eius
872 3358 905 3409 ad
934 3359 1035 3410 bonum

105 3426 234 3478 habebat.
254 3425 321 3495 quid
341 3426 421 3496 ergo?
439 3427 630 3495 praestabatne
644 3444 752 3496 prorsus
771 3438 894 3480 naturam
915 3437 1035 3482 nostram

107 3516 163 3550 non
182 3495 347 3566 producere,
367 3497 477 3568 qnando
498 3499 727 3550 norathominem
746 3498 812 3550 deus
830 3517 845 3549 a
864 3500 936 3550 bono
956 3498 1036 3550 aber-

114 3586 150 3621 an
174 3567 313 3618 conditum
336 3577 365 3619 st
389 3569 417 3618 in
435 3568 558 3619 morbum
577 3566 731 3638 prolapsum
757 3584 847 3621 marsus
867 3570 901 3620 ad
921 3570 1035 3638 primam

103 3657 130 3691 rr
147 3640 344 3708 poenitentiam
367 3640 511 3692 revocare?
536 3639 744 3710 praeferendum
766 3640 876 3691 omnino
895 3639 947 3690 hoc
967 3641 1037 3692 alte-

103 3711 200 3762 sertim
218 3724 278 3760 cnm
297 3718 404 3761 constet
422 3709 502 3761 derun
521 3712 640 3773 voluisse
659 3727 724 3761 snae
742 3711 872 3761 bonitatis
892 3727 971 3761 causa
990 3728 1037 3779 ge-

104 3798 168 3834 num
186 3781 215 3831 in
234 3789 322 3831 ortum
341 3780 506 3850 producere,
525 3783 648 3851 quamvis
666 3783 695 3831 in
714 3782 836 3832 confesso
855 3781 890 3831 sit
908 3798 969 3833 eum
987 3781 1037 3834 de-

114 3867 227 3922 quoque
244 3851 360 3902 hominis
377 3870 392 3902 a
410 3868 488 3903 cursu
511 3861 584 3903 recto
602 3851 775 3921 praevidisse.
793 3850 891 3919 quodsi
913 3851 982 3904 banc
1000 3853 1035 3904 ob

103 3925 216 3976 ominem
238 3920 382 3986 condidit,
410 3924 534 3991 seqnitur
553 3921 587 3972 de
608 3921 734 3972 iohannis
753 3923 911 3974 Damasceni
928 3933 1038 3976 senten>

103 4004 163 4047 item
188 3991 305 4043 divinam
338 4009 353 4041 ι
375 3994 511 4063 pravitate
536 4002 628 4044 nostra
645 3993 742 4043 victam
760 4009 826 4044 esse.
849 3995 951 4064 quippe
970 3996 1037 4047 dens

105 4081 156 4116 uae
184 4064 267 4124 iacit,
287 4062 358 4113 bona
385 4065 467 4125 facit,
493 4080 553 4114 curu
577 4071 696 4114 nostrum
721 4063 839 4131 quilibet
857 4064 988 4118 arbitratu
1009 4073 1037 4117 et

117 4134 227 4206 propria
253 4135 297 4184 val
314 4133 349 4184 ad
365 4133 465 4187 bonum
490 4134 534 4186 rei
554 4128 588 4185 ad
605 4136 704 4185 malum
725 4134 859 4188 deflectat.
880 4135 1036 4209 quanquam
