2662 4794
356 328 569 392 suuluuu
598 326 700 391 raus
718 330 773 390 ur.
1006 295 1093 403 403

39 472 136 537 α’σαι
166 470 223 556 τὴν
253 470 381 559 πρώτην
410 481 582 560 παρελθεῖν
609 477 883 563 α’λεκτοροφωνίον
903 473 971 562 τρίς
992 475 1094 562 άπαρ-

39 595 80 659 ,ῃ
106 595 159 653 μ,
240 606 241 609 ,

89 668 317 754 Massipianus
340 671 376 737 τὸ
395 676 546 758 κριθῆναι
569 671 624 739 τδν
645 671 760 758 ’κάριον
781 670 844 737 siud
865 675 925 737 rosi
942 673 1092 757 Πιλάτου

39 773 191 848 πιζεται
219 769 275 835 τόν
304 773 402 837 νῶτον
433 772 547 856 λάροις
571 766 879 848 πλεκτοῖςτοιοῦτον
902 771 1031 855 καὶγὰρ
1054 770 1090 837 τά

39 872 224 951 αγγέλλιοι.
259 861 338 943 ,εἶθ’
365 864 464 946 οάτως
493 872 538 944 εἰς
560 869 597 935 τά
618 873 843 956 σταυρωθῆναι
864 870 1092 954 παραδίδοται.

39 965 105 1031 ita
136 969 171 1032 δὲ
193 969 294 1033 πάντα
324 970 490 1052 πεποίηκεν
523 969 541 1054 ἦ
566 963 697 1053 άκαιρος
728 968 885 1056 οἲνανδρία
905 972 962 1035 τοῦ
983 967 1092 1034 Πιλά-

55 1089 68 1106 ·
122 1064 195 1143 τούς
215 1068 276 1152 γάρ
299 1068 470 1144 Ἰουδαίους
501 1070 688 1153 δυσωπῆσαι
713 1072 817 1133 θέλων
844 1072 898 1155 ἐφ’
918 1061 965 1146 οἷς
986 1064 1092 1133 ἐνεκά-

39 1186 93 1244 ·ν,
123 1162 276 1251 άντάρτρν
308 1166 408 1231 naiton
437 1165 705 1249 ἀποδεικνύοντες,
741 1169 786 1243 εἰς
805 1164 840 1232 τά
861 1171 1091 1252 σταυρωθῆναι

39 1267 219 1345 οαδίδωσι,
250 1264 470 1351 φραγγελλίοις
504 1265 658 1352 πρότερον
690 1271 846 1348 μαστίξας
872 1267 976 1337 αὐτόν.
1034 1262 1088 1330 διά

39 1362 96 1425 ito
130 1368 186 1429 καί
213 1363 372 1440 κολάσεως
403 1359 419 1429 ὃ
451 1367 597 1440 Πιλᾶτος
626 1360 728 1446 άξιος,
758 1359 807 1429 ὅτι
834 1369 889 1430 καί
918 1361 1091 1446 δυνάμενος

39 1463 161 1526 ολῦσαι
192 1458 288 1525 αὐτόν
317 1465 516 1548 (,,ε’ξουσίαν”
534 1460 595 1548 γάρ
619 1487 716 1548 φησιν
739 1460 826 1545 ,ἔχω
857 1464 1020 1528 α’πολῦσοιί
1034 1487 1070 1529 σε
1077 1479 1187 1549 ‚Parp

39 1556 45 1611 Τ
80 1562 230 1637 ἐξουσίαν
260 1558 326 1643 ἔχω
360 1566 552 1646 σταυρῶσαί
570 1566 639 1649 σε”)
657 1565 748 1627 τοῦτο
770 1564 827 1626 ουίι
849 1563 992 1646 ἐποίησε,
1013 1562 1090 1640 τούς

39 1657 170 1734 ιδοιίους
191 1658 247 1724 καί
264 1657 400 1741 μάλιστα
418 1659 606 1742 πεσούμενος
621 1663 765 1743 λέγοντος
785 1659 866 1742 ,ἐάν
885 1665 996 1726 τοῦτον
1010 1664 1090 1724 άπο-

39 1774 112 1840 ’iiis
149 1759 214 1821 ουίι
235 1754 267 1824 εἶ
283 1761 375 1845 φιλος
390 1764 447 1823 τοῦ
468 1762 663 1841 Καίσαρος.”
714 1762 766 1845 ἐφ’
787 1753 815 1850 ᾧ
833 1759 889 1824 καί
905 1764 1090 1843 κατακρίνε-

39 1872 77 1908 ῑ·
117 1857 173 1920 καί
193 1859 288 1942 δῆλον
307 1859 340 1935 ἑξ
361 1849 407 1922 οἷν
427 1856 444 1920 o‘
466 1858 574 1941 κάριος
596 1856 683 1941 ἔλεγε
703 1858 783 1946 πρὸς
804 1855 902 1924 αδτόν
920 1857 962 1941 ,,ά
982 1883 1089 1944 παρα.

39 1949 117 2030 δυάς
136 1959 180 2037 μί
199 1979 249 2021 σοι
270 1959 400 2037 μειζονο
422 1953 578 2037 ἁμαρτίαν
597 1955 711 2038 ἔχει.”’

87 2055 148 2119 Τόν
180 2056 290 2136 μέντοι
322 2053 432 2137 καιρὸν
457 2052 473 2118 ὁ
495 2053 716 2139 εάαγγελιοτὴς
737 2052 885 2139 Ἰωάννης
905 2057 1128 2140 neormam.
1143 2073 1192 2128 scs

39 2149 92 2217 ἤια
123 2154 308 2228 δΠιλάτος
339 2151 487 2216 ἐκάθισεν
517 2157 561 2229 εἰς
584 2149 680 2219 τόπον
709 2153 876 2237 λεγόμενον
896 2152 1089 2238 Λιθόστρω-

39 2266 72 2329 P,
91 2255 142 2317 ἵνα
156 2255 253 2339 κρίνῃ
273 2248 311 2315 τά
326 2251 403 2314 κατά
422 2248 477 2316 τάν
495 2252 624 2334 Ἰησοῦν,
647 2249 752 2334 ἔλεγεν
769 2244 831 2337 „riv
857 2253 892 2317 δὲ
902 2252 1086 2341 παρασκευὴ

39 2344 54 2404 ὗ
75 2347 199 2432 πάσχα,
227 2346 297 2434 δι’ρα
319 2352 354 2414 δὲ
371 2348 449 2415 cinei
468 2353 575 2435 ἓκτη.”
617 2349 670 2415 διά
690 2354 727 2415 τί
744 2354 779 2415 δὲ
797 2351 900 2436 ἦὲκτη
922 2354 977 2434 τῆς
996 2348 1089 2432 ἑβδο-

39 2434 100 2523 Ϊδος
120 2449 225 2533 ἡμέρα
246 2448 431 2535 παρασκευή
463 2452 520 2513 τοῦ
541 2445 651 2531 πάσχα
671 2453 794 2533 λέγεται
815 2447 902 2535 παρά
924 2454 970 2538 τῷ
992 2445 1086 2532 etiay-

39 2547 123 2636 λιοτῇ
148 2546 302 2637 Ἰωάννῃ,
330 2547 438 2635 σοφῆς
467 2542 488 2631 ἦ
514 2547 603 2613 αἰτία
624 2569 673 2613 σοι
712 2546 884 2634 πρόκειται.
935 2546 1112 2636 καθάπερΒ
1201 2581 1204 2585 ’

1149 1952 1162 1980 N

39 2839 73 2895 dt
100 2844 228 2915 quiddam
253 2844 343 2898 dicere
370 2844 491 2910 videtur,
518 2845 636 2897 futurum
655 2846 758 2899 scilicet
785 2856 816 2902 ut
839 2848 932 2903 Petrus
958 2865 1021 2903 eum
1037 2856 1082 2904 ter

39 2925 71 2965 us
88 2926 198 2982 negaret
215 2932 295 2986 quam
314 2914 376 2984 galli
396 2924 489 2968 cantus
507 2916 587 2967 finem
607 2914 728 2970 haberet.

66 2987 239 3056 Posteaquam
266 2988 293 3038 in
318 2988 456 3038 dominum
475 2987 578 3037 'Pilatus
608 2987 803 3056 inquisisisset‚
833 2995 938 3056 tergum
963 2988 988 3039 ei
1014 2988 1080 3041 loris

39 3052 117 3109 »lenis
140 3057 277 3108 caeditur:
294 3057 346 3108 lroc
365 3060 436 3108 enim
455 3059 527 3108 vocis
544 3056 645 3126 flagelli
664 3065 705 3109 est
723 3057 911 3127 significatum.
929 3058 1028 3110 deinde
1042 3059 1077 3111 ad

39 3127 200 3197 cingendum
227 3127 351 3180 traditur.
381 3136 463 3197 atque
496 3126 564 3179 haec
597 3127 686 3178 omnia
709 3143 758 3197 per
784 3129 963 3197 importunam
996 3132 1079 3182 animi

39 3203 170 3250 ectionem
188 3200 218 3249 in
235 3198 320 3250 Pilato
341 3197 509 3259 acciderunt,
531 3198 577 3265 qui
594 3197 708 3249 ludaeos
730 3199 903 3252 reverebatur
920 3210 1077 3252 accusantes

39 3269 128 3320 ninum
147 3279 273 3339 tanquam
291 3268 427 3320 bominem
445 3267 611 3318 seditiosum.
637 3268 756 3339 ideoque
784 3286 845 3320 esras
873 3271 954 3321 etiam
975 3288 1077 3340 poenas

58 3342 221 3392 commeruit.
245 3341 346 3409 quippe
371 3356 430 3390 cum
448 3346 611 3408 potestatem
637 3341 695 3389 eius
722 3338 879 3391 absolvendi
899 3341 1028 3404 haberet,
1046 3351 1078 3392 ut

60 3410 147 3462 dicere
164 3428 218 3462 non
237 3410 374 3461 dubitaret
390 3411 439 3479 (lo.
465 3425 494 3476 ¹9
515 3410 556 3478 ιο)
575 3425 603 3458 se
628 3409 730 3459 habere
747 3417 908 3479 potestatem
931 3412 1014 3480 ipsius
1031 3411 1077 3462 vel

39 3476 145 3532 littcudi
162 3482 205 3533 rel
223 3479 402 3548 crucifigendi,
423 3477 497 3549 quod
517 3478 605 3529 lacere
622 3489 729 3547 poterat
743 3497 800 3531 non
819 3481 962 3549 praestitit.
981 3480 1076 3531 sormi-

42 3559 74 3602 οἱ
90 3553 160 3603 enirn
178 3551 291 3602 ludaeos
306 3553 451 3601 clamantes
473 3549 512 3612 „si
524 3550 602 3599 istum
615 3548 739 3613 absolvis,
759 3567 815 3601 non
834 3567 860 3600 es
871 3551 990 3601 Caesaris
1008 3552 1076 3600 ami·

39 3617 63 3660 ·''
79 3638 160 3691 quare
184 3638 240 3672 non
264 3621 376 3672 dubium
395 3629 436 3671 est
454 3636 515 3668 eum
534 3620 740 3673 condemnatum
767 3636 839 3683 esse,
858 3620 892 3670 de
910 3621 974 3689 ipsis
991 3622 1074 3671 etiam

39 3690 92 3742 lini
109 3693 197 3744 verbis
216 3693 268 3742 hoc
288 3693 346 3759 ipso
365 3708 419 3741 uon
439 3690 552 3740 obscure
569 3700 724 3759 apparente,
742 3707 802 3741 cum
818 3691 858 3742 ait
877 3691 942 3759 „qui
960 3705 1002 3741 me
1021 3690 1075 3743 tibi

39 3752 118 3826 litis,
136 3765 167 3813 iu
180 3764 281 3812 maiore
301 3763 379 3831 culpa
399 3761 464 3811 cst.’'

59 3833 197 3884 Caeterum
216 3833 349 3883 lohannes
370 3831 498 3882 historiae
518 3828 810 3897 scripturevangelicae
828 3837 933 3896 tempus
951 3828 1074 3882 indicare

39 3911 94 3964 ms,
134 3921 168 3954 uo
190 3912 313 3972 tempore
338 3903 437 3952 Pilatus
456 3902 483 3951 in
505 3901 564 3949 locu
582 3899 699 3967 quodam
727 3897 880 3949 consederit
899 3900 945 3968 qui
963 3900 1074 3969 Lapidi-

39 3965 95 4024 'lum
113 3922 263 4037 diceretur,
282 3982 312 4024 ut
332 3973 393 4022 lesu
411 3987 515 4022 causam
537 3977 722 4035 cognosceret,
742 3970 780 4019 ait
799 3969 899 4020 sactum
918 3969 970 4019 lsoc
990 3973 1073 4023 luisse

39 4045 248 4113 praeparatione
270 4042 398 4105 Paschae,
416 4041 484 4091 liora
503 4041 557 4091 l'ere
579 4048 660 4088 sexta.
681 4055 728 4088 cur
745 4047 834 4089 sextus
853 4039 897 4088 irio
913 4040 970 4090 dies
988 4044 1074 4110 septi-

39 4127 81 4165 me
98 4115 131 4166 ab
161 4113 324 4181 evangelista
350 4111 467 4162 Paschae
489 4110 656 4180 praeparatio
686 4109 803 4161 dicitur?
830 4111 887 4161 eius
908 4112 945 4161 roi
965 4129 1071 4162 causam

55 4187 196 4256 perspicue
223 4184 371 4239 subiiciam.
401 4179 627 4252 quemadmodum
659 4179 799 4233 sabbatum
817 4179 874 4232 dies
905 4183 1075 4251 septimanae
1142 4240 1146 4242 b
