2766 4800
232 244 282 295 ro
560 229 776 315 mellitus
805 227 968 305 thcltss

221 391 395 474 Ἰωσήπου·
436 387 563 462 σκότους
581 385 642 468 γάρ
664 386 779 456 ἐκεῖνος
800 375 843 455 ὥς
860 380 1009 455 Ἰουδαῖος
1021 377 1175 464 άπαρχων
1195 375 1310 459 μεστὸς

225 494 402 573 ἀναβλέψαι
432 486 512 573 πρὸς
547 482 583 551 τὸ
613 485 682 570 φῶς
711 477 768 546 οάκ
787 481 950 584 η’ρλέλησεν.
1001 475 1090 544 ἔνθεν
1109 501 1158 543 τοι
1179 480 1234 542 καί
1253 474 1311 561 τήν

223 590 323 656 νάκτα
343 593 399 672 τῆς
421 588 542 673 ἡμέρας
561 584 725 670 προέταξε.

236 738 241 756 .
307 691 379 755 Καί
401 689 519 771 ἐγένετο
541 681 658 765 ἑσπέρα
667 732 677 765 ‚
708 682 763 745 καί
782 681 901 764 ἐγένετο
920 681 1009 762 πρωῒ
1025 678 1130 765 ἡμέρα
1147 683 1219 761 μία.
1263 679 1313 742 τί·

224 813 277 866 νος
296 793 398 855 ἕνεκεν
427 789 567 853 ἐνταῦθα
596 776 681 847 εἶπεν
711 780 816 865 ἡμέρα
837 781 915 862 μία,
947 776 1002 842 καί
1021 781 1079 842 οὐκ
1101 771 1186 844 εἶπεν
1205 777 1339 863 ἧμέρο5

163 887 352 972 Ρ.5τιρω’τη,·
374 891 477 950 καίτοι
498 908 533 966 γε
554 884 648 946 τοῦτο
669 872 708 963 ἦν
737 879 1004 961 α’κολοοθάτερον,
1027 875 1089 961 εἴγε
1109 875 1188 959 μετά
1208 879 1311 942 ταῦτα

223 985 333 1069 ἔμελλε
356 989 458 1068 λέγειν
491 984 570 1065 „uui
589 983 709 1063 ἐγένετο
730 974 865 1060 ἑσπέρα,
888 977 943 1042 καί
960 979 1080 1060 ἐγένετο
1100 979 1189 1060 πρωῒ
1205 971 1311 1061 ἡμέραν

224 1088 400 1170 δευτέρα·η
421 1087 475 1166 της
499 1082 559 1166 γάρ
575 1081 724 1162 δευτέρας
740 1080 795 1141 καί
813 1080 867 1160 τῆς
887 1076 993 1162 τρίτης
1015 1080 1048 1156 έξ
1068 1070 1203 1161 ἀνάγκης
1225 1072 1312 1160 πρά·

220 1211 259 1269 τη
282 1183 434 1270 κατάρχει
456 1207 489 1246 τε
511 1183 567 1245 καί
585 1187 773 1263 προηγεῖται.
816 1169 972 1260 εᾶτενοάν
995 1177 1098 1261 ἡμέρα
1117 1178 1176 1258 μία
1192 1174 1228 1239 τὸ
1250 1176 1310 1257 μέ.

220 1308 294 1367 τρον
312 1283 434 1368 ἡμέρας
453 1284 508 1347 καί
526 1278 636 1356 νυκτὸς
659 1280 863 1362 περιορίζων,
891 1275 946 1341 καί
968 1277 1137 1342 συνάπτων
1156 1279 1214 1341 τοῦ
1232 1272 1310 1360 ἡμε·
1325 1302 1359 1343 ιο

221 1387 385 1466 ρονυκτίου
417 1380 472 1447 τάν
498 1377 625 1466 χρόνον,
657 1378 699 1452 ὥς
725 1382 786 1442 τῶν
814 1374 1074 1461 εἰκοσιτεσσάρων
1107 1376 1199 1461 ὥρων
1232 1379 1311 1456 μιᾶς

220 1483 441 1565 ἐκπληρουσαῑν
473 1481 592 1566 ἡμέρας
624 1475 800 1560 deciusque,
830 1477 1124 1560 συνυπακουομέυης
1146 1478 1186 1562 τῇ
1207 1470 1311 1562 ἡμέρᾳ

220 1578 361 1663 δηλονότι
383 1583 438 1643 καί
457 1584 512 1663 τῆς
539 1576 669 1654 νυκτός·
723 1575 779 1639 καί
800 1574 860 1659 γάρ
893 1576 912 1661 ἦ
934 1581 994 1641 τοῦ
1013 1573 1150 1661 ου’ρανοῦ
1169 1573 1231 1638 α’πὸ
1253 1577 1312 1639 τοῦ

218 1682 322 1744 ου’τοό
341 1683 473 1764 σημείου
496 1679 550 1744 έπί
571 1675 606 1742 τὸ
629 1671 707 1740 ου’τό
733 1676 829 1741 πάλιν
849 1669 1311 1763 άποκατάσταοιςένμτηῆμέ-

218 1804 259 1866 ρη
282 1780 412 1862 γίνεται.
930 1840 937 1849 ,
1064 1771 1067 1778 ’
1324 1777 1359 1839 15

189 1889 209 1939 B
301 1877 371 1944 Καί
388 1877 462 1964 περί
481 1880 606 1963 μέντῆς
627 1875 739 1951 οὐσίας
759 1880 817 1940 τοῦ
841 1878 982 1961 οιλρανοῦ
1003 1878 1098 1940 πλέον
1118 1875 1158 1939 ου’
1178 1877 1232 1939 δεῖ
1249 1899 1311 1939 πο-

187 2042 193 2057 -.
216 1984 458 2061 λυπραηηιουεῖν,
478 1977 541 2061 είηε
563 1979 619 2040 κατ’
640 1980 760 2057 μᾶλλον
781 1974 797 2040 ὃ
818 1976 983 2061 προφήτης
998 1974 1134 2049 Ἡσαΐας
1154 1970 1233 2039 riori
1252 1999 1312 2038 κα.

215 2075 294 2140 πνὸν
322 2072 419 2140 αάτὸν
437 2078 661 2163 στερεωθῆναί
676 2100 772 2162 φησιν
803 2074 865 2139 άπὸ
882 2078 979 2156 θεοῦ,
1008 2072 1065 2157 την
1081 2073 1186 2159 φάσιν
1203 2075 1312 2138 ἐντεῦ-

216 2180 274 2240 θεν
295 2177 394 2240 orituri
424 2179 605 2260 παριστοῑν,
637 2171 688 2237 rire
716 2173 810 2258 λεπτη
843 2176 915 2238 λίαν
936 2171 1029 2237 ἐστίν.
1073 2168 1088 2235 ὃ
1114 2175 1149 2236 δέ
1170 2170 1312 2240 Πλάτων

217 2277 415 2358 οάσνωθηναι
433 2280 515 2357 λέγει
539 2272 595 2339 τὸν
628 2272 763 2357 ου’ρανόν
784 2276 818 2339 ἐκ
838 2277 893 2357 τῆς
914 2273 1173 2359 α’τίτοεαλεστέρας
1192 2271 1311 2358 μοίρας
1321 2293 1360 2336 no

204 2512 208 2519 l
287 2464 330 2500 20.
348 2446 580 2521 udroeuleurtpur
596 2449 622 2500 Ρ.

168 2643 171 2650 ,
217 2603 295 2666 parte
313 2595 424 2647 missum
441 2595 508 2646 mihi
528 2593 673 2665 Iosophum
694 2595 796 2658 facito,
815 2595 861 2663 qui
883 2601 963 2656 cum,
993 2600 1025 2645 ut
1044 2594 1156 2645 natione
1174 2593 1310 2657 Iudaeus,

218 2666 342 2734 caliginis
368 2668 465 2735 plenus
493 2666 592 2730 luerit,
622 2665 759 2718 adlucem
785 2666 921 2735 suspicere
941 2664 1045 2730 noluit,
1064 2681 1151 2734 enque
1173 2664 1208 2715 de
1227 2682 1311 2718 causo

218 2747 326 2790 noctem
346 2747 409 2790 ante
430 2738 502 2790 diem
519 2738 678 2789 numeravit.

289 2808 389 2860 Verum
410 2827 456 2861 cur
473 2827 556 2861 unum
575 2808 646 2860 diem
665 2808 770 2871 Moses,
796 2824 851 2859 non
871 2807 986 2876 primurn
1008 2805 1093 2869 dixit,
1111 2824 1172 2859 cum
1191 2807 1230 2858 uit
1248 2808 1311 2870 „lu-

221 2887 265 2930 cto
281 2897 393 2950 vespere
418 2899 448 2932 uc
474 2896 553 2932 mane
577 2879 634 2930 dies
661 2897 730 2930 unus
749 2880 887 2931 exstitit?”
913 2894 974 2940 cur,
993 2879 1120 2946 inquam,
1140 2895 1195 2928 non
1216 2880 1312 2946 potius

222 2949 309 3014 dixit,
329 2950 387 3002 dies
406 2955 508 3021 primus
531 2951 654 3002 exstitit?
687 2952 787 3001 etenim
806 2950 858 3001 hoc
877 2950 976 3001 rationi
993 2950 1075 3016 magis
1096 2958 1312 3002 consentaneum

221 3022 331 3082 suisset,
359 3022 469 3091 quando
496 3021 644 3074 secuudum
669 3021 737 3072 haec
761 3022 882 3073 dicturus
907 3029 965 3072 erat
984 3021 1130 3088 „suetoque
1146 3036 1259 3089 vespere
1279 3039 1313 3074 oc

220 3108 299 3144 mane
319 3092 376 3144 dies
406 3094 475 3145 alter
493 3094 623 3144 exitium
651 3093 800 3162 quinetiam
822 3092 970 3143 secundum
991 3100 1019 3143 et
1036 3092 1145 3142 tertium
1161 3091 1234 3142 diem
1252 3093 1314 3161 pri·

221 3180 280 3214 nius
296 3165 447 3215 necessario
466 3164 614 3233 praecedit.
632 3165 757 3215 nimirum
786 3163 858 3214 diem
876 3181 959 3213 unum
977 3163 1061 3226 dixit,
1081 3179 1232 3214 mensuram
1253 3162 1313 3215 diei

222 3235 367 3303 noctisque
386 3234 531 3299 deliniens,
551 3244 578 3287 et
596 3236 676 3304 spatii
693 3235 785 3286 diurni
801 3235 985 3304 nocturnique
1004 3251 1111 3285 cursum
1133 3234 1313 3302 coniungens,

222 3312 352 3374 tunquam
371 3307 542 3375 explentibus
566 3307 738 3358 intervallum
761 3323 791 3357 ue
816 3315 923 3375 tempus
944 3305 1000 3356 diei
1020 3306 1112 3373 (nocte
1130 3306 1238 3356 interim
1258 3305 1313 3358 sd)

224 3373 280 3427 diei
299 3375 429 3428 vocabulo
459 3374 663 3447 comprehensa)
683 3378 778 3446 viginti
798 3386 826 3429 et
848 3385 978 3446 quattuor
1004 3375 1086 3426 horis.
1105 3394 1166 3427 num
1185 3376 1256 3426 coeli
1275 3375 1314 3427 ab

223 3458 279 3498 uno
300 3447 449 3519 eodemque
466 3459 568 3520 puncto
586 3450 654 3501 nroti
672 3448 707 3500 ad
724 3448 796 3500 idem
813 3449 929 3504 reversio
951 3446 1008 3499 diei
1026 3448 1106 3498 unius
1141 3447 1229 3517 spatio
1250 3446 1315 3500 fieri

223 3521 371 3571 consuevit.
1141 3536 1144 3541 ·

290 3591 331 3641 De
352 3590 423 3641 coeli
441 3597 531 3641 autem
549 3591 666 3642 essentia
684 3597 834 3661 natumque
853 3591 959 3643 curiose
974 3588 1115 3660 quippiam
1133 3588 1236 3658 inquiri
1254 3606 1315 3642 arn-

218 3660 293 3728 plius
311 3661 384 3712 haud
403 3669 512 3731 oportet
532 3678 613 3730 quam
633 3662 706 3730 quod
724 3670 798 3714 vates
816 3663 909 3714 Esaias
927 3661 1009 3724 dixit,
1028 3661 1133 3712 coelum
1152 3660 1230 3710 adeo
1250 3669 1315 3713 tan-

219 3747 301 3798 quam
328 3733 429 3783 fumum
463 3732 598 3801 quendum
624 3732 777 3784 stabilitum
808 3749 884 3799 οντες
903 3732 1002 3802 quibus
1020 3731 1111 3783 verbis
1131 3733 1190 3782 eius
1213 3739 1315 3786 natura

220 3799 373 3855 declaratur
390 3821 448 3856 esse
467 3802 613 3855 admodum
629 3805 728 3856 tenuis.
763 3804 840 3855 Pmo
862 3805 931 3854 coeli
952 3804 1097 3854 essentium
1115 3810 1237 3854 constare
1256 3809 1315 3854 tro-

221 3872 262 3922 dit
280 3891 312 3923 ex
330 3884 405 3942 parte
422 3883 552 3943 quattuor
568 3876 766 3927 elementorum
782 3876 838 3927 sive
856 3875 1050 3945 principiorum
1062 3873 1212 3935 lucidiore,
1227 3881 1315 3942 atquo

220 3943 270 3993 illa
290 3945 349 4012 ipsu
368 3961 396 3996 re
414 3947 526 3997 caeteris
545 3964 561 3997 a
579 3948 739 4017 corporibus
761 3945 886 3998 secundis
907 3944 1030 3995 differre:
1050 3962 1112 3995 nam
1129 3961 1160 3996 en
1179 3942 1214 3994 de
1231 3952 1315 4013 purte

220 4016 350 4066 crassiore
372 4024 430 4066 orta
451 4033 519 4071 esse.
547 4027 655 4070 secutus
675 4026 717 4070 est
735 4026 825 4070 autem
841 4016 889 4068 hus
912 4016 1055 4085 opiniones
1073 4013 1149 4067 l'lnto
1166 4022 1315 4084 propterea

220 4084 295 4154 quod
311 4086 448 4156 materiem
470 4090 588 4154 corporis
606 4099 744 4158 expertem
763 4088 946 4159 praeexistere
966 4094 1089 4154 putaret,
1117 4087 1151 4138 de
1171 4102 1225 4154 qun
1243 4085 1315 4138 oriri

182 4197 186 4205 .
220 4155 330 4210 solebat
349 4157 484 4212 elementa
502 4157 551 4210 illa
562 4169 699 4229 quattuor,
720 4177 752 4212 er
771 4158 870 4229 quibus
887 4156 1004 4212 mundus
1022 4157 1066 4211 hic
1084 4159 1226 4216 uniuersus
1244 4173 1313 4210 con·
