2766 4800
349 711 924 806 LABBEIDEDICATIO.

300 927 713 991 EMINENTlSSlMo
744 929 975 1015 PRINClPl

104 1075 114 1189 J
165 1094 347 1192 mue
376 1095 727 1192 canonum
756 1049 1108 1193 MAZARINO.

509 1303 757 1316 --unntnn—

92 1419 184 1515 Cum
205 1451 357 1516 redditam
387 1454 534 1539 Europae
557 1474 688 1539 pacem,
720 1461 814 1539 teque
845 1461 975 1518 auctore
1004 1452 1128 1516 tandem
1147 1459 1180 1517 et
1284 1476 1291 1485 ·

90 1561 200 1615 actore
238 1573 313 1614 uno
336 1555 524 1637 perfectam,
564 1553 687 1618 ordines
725 1576 830 1618 omnes
862 1557 986 1617 summis
1017 1553 1180 1639 gratissimi

88 1652 185 1714 animi
205 1653 477 1736 significationibus
496 1663 738 1740 prosequuntur,
756 1656 905 1739 Princeps
925 1654 1180 1734 Eminentissime,

86 1760 155 1815 tum
185 1753 362 1815 litterarum
391 1744 436 1816 est
467 1753 744 1841 doctrinarumque
772 1757 911 1818 omnium
930 1758 1099 1841 proprium
1117 1755 1181 1818 hoc

85 1851 144 1914 sibi
163 1853 349 1916 beneficium
369 1855 589 1918 immortaliter
606 1856 799 1939 praedicare.
821 1865 853 1919 et
865 1866 971 1918 auctos
990 1866 1093 1919 tamen
1113 1855 1176 1917 hoc

88 1975 215 2015 munere
235 1953 358 2017 labores
378 1955 554 2039 intelligunt
572 1977 660 2029 su0s;
680 1957 856 2039 meritoque
887 1956 1030 2018 dubitant
1050 1956 1104 2041 qui
1122 1978 1178 2017 re-

91 2052 240 2134 spondere
262 2052 324 2114 iam
352 2055 470 2117 meritis
493 2056 552 2116 tuis
572 2055 708 2138 possint,
733 2076 813 2138 quae
840 2077 879 2117 ne
900 2057 983 2117 inter
1001 2055 1081 2117 holla
1103 2055 1177 2139 qui.

88 2150 157 2213 dem
189 2153 332 2216 ornando
368 2155 426 2217 tibi
456 2177 543 2240 pares
575 2164 672 2217 erent.
715 2153 768 2217 sed
796 2163 979 2217 recreantur
996 2163 1099 2218 tamen
1117 2155 1181 2218 hoc

85 2252 218 2323 solatio.
242 2253 330 2339 quod
349 2275 505 2318 novarum
525 2255 583 2317 sibi
600 2255 716 2317 virium
735 2254 865 2319 accessio
893 2256 975 2316 factu
996 2263 1057 2334 est,
1078 2277 1181 2339 noque

84 2354 148 2414 iam
171 2353 203 2414 in
213 2354 311 2415 Gallia
330 2363 463 2431 tantum,
489 2353 541 2418 sed
564 2357 656 2418 etiam
681 2355 765 2439 apud
788 2363 892 2439 gentes
914 2363 1059 2434 caeteras,
1082 2353 1177 2441 quid-

83 2453 164 2538 quid
184 2454 302 2539 ubique
321 2454 498 2517 litterarum
517 2465 549 2518 ct
568 2457 744 2538 linguarum
765 2465 826 2537 est,
848 2456 907 2517 tuis
928 2456 1103 2539 praeconiis
1124 2476 1178 2517 re.

81 2554 216 2616 sonabit.
238 2576 310 2616 cum
327 2556 409 2618 enim
428 2555 502 2617 belli
531 2565 683 2643 tempore
696 2555 814 2638 optimc
836 2555 874 2618 de
896 2557 1006 2637 Gallia,
1028 2576 1113 2618 secus
1136 2552 1175 2616 de

80 2653 131 2715 lais
145 2675 223 2738 quos
234 2642 336 2717 hostes
351 2663 529 2739 temporum
545 2644 690 2740 iniquitas
707 2657 833 2735 fecerat,
848 2656 977 2718 meritus
990 2677 1077 2732 esses,
1093 2676 1179 2716 nunc

80 2755 219 2837 populos
241 2776 346 2816 omncs
359 2776 519 2818 concessae
540 2757 623 2839 pacis
645 2778 774 2818 munere
795 2755 965 2818 devinxisti.
991 2755 1179 2816 admirabilis
1209 2828 1219 2844 ι

83 2863 134 2915 tot
153 2876 286 2931 vocum,
308 2864 358 2931 tot
385 2854 579 2931 studiorum,
611 2865 660 2917 tot
680 2857 842 2930 nationum
861 2863 1028 2917 concentus
1050 2854 1176 2932 existet,

82 2954 205 3037 gloriae
226 2962 298 3017 tuae
327 2976 461 3040 suaeque
492 2957 631 3018 felicitati
653 2955 890 3040 gratulantium
922 2955 954 3016 in
976 2975 1039 3038 qno
1060 2954 1177 3037 primas

82 3053 202 3117 eruditi
236 3054 404 3133 tenebunt,
447 3077 582 3140 quorum
616 3064 696 3118 artes
722 3056 817 3117 veluti
849 3056 984 3116 alumnus
1018 3055 1177 3137 perpetuis

82 3154 252 3237 complecti
281 3155 436 3218 beneficiis
467 3178 504 3218 ac
532 3158 640 3219 fovere
672 3177 735 3216 non
757 3177 859 3216 cessas.
881 3165 1006 3238 patere,
1028 3155 1183 3236 Princeps

80 3255 346 3334 Eminentissime,
376 3279 476 3319 meam
506 3278 633 3341 qnoque
664 3257 697 3318 in
729 3255 781 3316 illo
802 3265 974 3334 concentu,
995 3263 1048 3315 ant
1069 3254 1174 3337 potius

81 3355 238 3416 societatis
258 3364 382 3419 nostrae
402 3370 513 3420 vocem
534 3379 592 3440 per
613 3379 663 3419 me
695 3365 907 3435 resonantem,
929 3354 1050 3431 audiri,
1072 3375 1175 3466 neque

82 3457 146 3516 iam
165 3457 344 3519 eommunia
373 3457 424 3519 illa
453 3457 536 3520 etin
566 3479 671 3519 omnes
703 3478 805 3539 sparsa
837 3456 972 3539 populos
999 3455 1170 3526 beneficia,

80 3553 135 3616 sed
156 3555 343 3617 immortalia
362 3557 394 3619 in
414 3578 470 3618 nos
482 3558 594 3619 merita
615 3557 841 3630 celebrantem
863 3557 916 3639 qni
937 3565 969 3620 et
987 3556 1089 3616 multis
1112 3553 1173 3614 iam

80 3652 206 3738 pridem
226 3655 283 3716 tibi
304 3677 406 3718 sumus
419 3658 594 3718 nominihus
617 3657 773 3734 obstricti,
796 3665 827 3718 et
846 3679 950 3718 recens
972 3654 1048 3717 illud
1069 3676 1171 3739 quan.

80 3776 176 3837 quam
199 3755 339 3818 omnium
359 3777 523 3821 commune
539 3758 623 3841 pacis
641 3757 825 3818 beneficium
847 3757 934 3818 nohis
950 3755 1081 3839 proprie
1101 3754 1170 3814 col.

79 3853 179 3914 latum
203 3856 402 3936 agnoscimus.
447 3878 519 3919 cnm
540 3858 622 3920 enim
644 3856 776 3918 instituti
798 3857 898 3919 nostri
918 3857 957 3917 sit
978 3864 1010 3919 et
1029 3855 1165 3938 optima.

80 3974 154 4012 rum
187 3953 303 4015 artium
330 3947 503 4041 disciplinas
531 3956 701 4040 prolite‘ri,
729 3979 864 4041 quamam
896 3956 1002 4016 studiis
1026 3954 1103 4016 nihil
1124 3963 1169 4014 est

79 4072 244 4113 armornm
264 4057 397 4139 strepitu
424 4057 576 4134 infestius,
598 4064 630 4118 et
653 4055 825 4119 excolendis
846 4056 1007 4117 hominum
1030 4054 1170 4115 moribus

79 4147 207 4213 studere
229 4151 502 4242 profligandaeque
524 4156 688 4242 inpietati,
711 4178 791 4243 quae
811 4156 966 4254 impunius
988 4155 1069 4216 inter
1088 4148 1169 4214 betta
