2722 4800
276 234 356 336 146
610 256 824 321 accusans
853 255 1017 319 uaccas

233 409 376 496 υκάριος
391 401 456 472 οἶδε
471 406 604 480 Παῦλος
625 402 724 481 οὕτως
745 405 839 470 εἰπών
863 403 1033 485 „incidisse
1054 398 1227 487 ὅΧριοτός
1251 400 1305 466 lari

267 507 369 592 πάσης
389 508 487 590 ἀρχῆς
509 505 563 568 καί
581 508 726 583 ἐξουσίας
748 505 803 570 καί
821 505 983 584 δυνάμεως
998 507 1053 567 καί
1065 501 1182 576 παντὸς
1201 495 1305 581 ὄνομα·

183 636 186 644 ·
265 608 498 688 ὀνομαζομένου
512 604 555 688 με]
570 602 666 683 μόνον
685 607 719 670 ἐν
735 609 777 690 τῴ
793 607 884 669 αἰῶνι
900 601 997 691 τούτῳ
1013 602 1095 666 άλλά
1108 600 1164 664 καί
1177 603 1211 664 ἐν
1225 603 1267 688 τῷ
1279 626 1305 680 μ

265 708 376 771 λοντι.”
394 702 431 785 τά
452 708 560 787 μέντοι
582 706 800 789 διαληφθέντα
824 704 915 768 ἐννέα
937 701 1081 784 τάγματα
1104 702 1149 776 τίς
1168 707 1253 783 τρεῖς
1274 700 1305 782 άς

264 808 347 891 ρι’ζει
375 801 597 899 διακοσμήσας
627 802 643 866 ὁ
674 808 762 877 θεῖος
782 798 973 880 Διονύσιος,
1008 803 1063 864 καί
1083 800 1212 883 πρώτην
1232 803 1291 881 μὲν

224 902 232 919 ’
264 903 322 970 ναί
340 928 418 990 φησι
439 900 479 968 τά
501 905 649 989 Σεραφίμ
674 901 713 966 τά
734 905 905 987 Χερουβίμ
931 900 987 965 καί
1007 898 1080 975 τούς
1103 897 1256 982 θρόνους,
1279 892 1305 978 dp

264 1029 328 1079 σοις
357 1003 412 1067 καί
437 1006 600 1085 προσεχοῦς
629 1001 846 1087 παριστάμενα
875 1005 920 1091 τῷ
950 1005 1037 1088 θεῷ,
1073 1002 1224 1082 δευτέραν
1243 1002 1305 1064 lta

265 1107 328 1168 τῶν
349 1099 543 1188 κυριοτὴτιον
561 1102 616 1166 καί
634 1105 695 1179 τοῖν
717 1101 885 1186 δυνάμεων
908 1103 963 1165 καί
981 1105 1042 1165 τῶν
1058 1103 1227 1179 ἐξουσιῶν,
1246 1101 1305 1180 τριί

266 1207 302 1268 dt·
324 1196 380 1267 καί
401 1199 587 1266 τελευταίαν
608 1200 665 1286 τὴν
686 1206 750 1267 τῶν
769 1203 880 1284 α’ρχῶν
895 1205 951 1265 καί
967 1199 1171 1284 ἀρχαγγὲλιον
1191 1196 1246 1261 καί
1264 1199 1305 1279 άγ

265 1311 346 1391 λοον,1
390 1301 425 1368 τὸ
456 1307 565 1382 μέντοι
589 1304 622 1366 ἐν
655 1301 764 1378 αὐτοῖς
786 1299 924 1367 ὕστατον
943 1297 1067 1383 τάγμα,
1087 1298 1130 1374 ὥς
1149 1300 1305 1382 προείρητο

266 1404 355 1477 ἰδίοις
378 1395 504 1484 άγγελοι
525 1407 667 1465 καλεῖται
689 1397 732 1476 ὥς
751 1398 808 1477 τάς
823 1403 915 1477 θείας
931 1396 1140 1486 ε’κφαντορίάς
1154 1398 1302 1480 α’γγέλλον

267 1504 323 1566 καί
343 1503 529 1583 διαβιβάζον
546 1499 626 1583 τιρός
647 1501 741 1584 ἡμεῖς.
788 1504 843 1586 τῆς
864 1501 1012 1584 τοιαύτης
1034 1501 1068 1562 dl
1090 1492 1254 1580 άγγελικῆς
1276 1498 1305 1559 ἑο

134 1592 137 1597 ’
187 1602 381 1682 emaculare
401 1601 456 1662 καί
485 1600 585 1664 τιοῖσιιι
605 1597 638 1662 αἱ
660 1601 770 1684 νοεραί
786 1598 899 1685 φάσεις
920 1598 1068 1683 ἠξίωνται
1090 1595 1144 1660 διά
1168 1595 1204 1660 τὸ
1227 1593 1305 1677 αριστ

266 1699 374 1772 ου’τοῖς
396 1695 574 1780 ἐγγίνεσθαι
596 1695 652 1782 τὴν
672 1696 1035 1782 θεαρχικὴνέθιλαμψιν,
1055 1699 1109 1759 καί
1132 1690 1215 1758 οὕτω
1237 1697 1305 1758 διί

265 1800 331 1862 τοῖν
355 1800 401 1872 εἰς
424 1796 508 1879 ἡμᾶς
531 1798 826 1882 διαπορθμεύεσθαι
844 1796 903 1874 τάς
921 1798 1004 1882 ὑπὲρ
1022 1797 1106 1881 ἡμᾶς
1127 1796 1305 1881 εἰιφαντοριί

265 1900 320 1961 καί
339 1896 355 1963 ὁ
375 1897 470 1978 νόμος
489 1897 550 1984 γάρ
574 1895 670 1975 αὗτὸς
692 1900 732 1963 δι’
753 1898 893 1982 α’γγὲλων
914 1899 989 1983 ἡμῖν
1014 1894 1188 1980 ἐδωρήθη,
1209 1894 1265 1961 καί
1283 1920 1305 1958 τι

264 1997 406 2073 κλεινούς
430 1996 484 2061 καί
499 1996 559 2082 τιρὸ
575 1999 673 2080 νόμου
694 1999 749 2063 καί
769 1997 848 2081 μετά
869 1996 966 2080 νόμον
980 2001 1119 2081 πατέρας
1133 1988 1258 2078 άγγελοι
1278 2021 1305 2067 τις

265 2096 299 2161 ad
323 2103 411 2162 θεῖον
430 2098 564 2180 ἀνῆγον·
608 2103 664 2162 καί
684 2097 745 2184 γάρ
768 2096 824 2162 διά
845 2096 899 2164 τὸν
918 2101 1045 2182 τιραῖτυν
1065 2098 1103 2160 τά
1126 2095 1260 2178 δεύτερα
1279 2121 1305 2166 ιιι

109 2243 120 2259 2
181 2193 300 2267 vauro*
321 2203 409 2261 θεῖον
439 2195 620 2279 α’νάγονται.
670 2199 710 2260 ου’
728 2195 825 2280 μόνον
849 2201 885 2261 δὲ
911 2195 944 2261 αἱ
966 2195 1041 2279 περί
1061 2195 1142 2280 ἡμᾶς
1164 2193 1305 2279 νοεραίς

266 2319 333 2371 σεις
368 2295 465 2376 εἰσίν,
480 2293 575 2375 ,ἀλλὰ
607 2295 662 2360 καί
693 2299 727 2361 ἑν
749 2297 862 2389 adauge
883 2306 954 2370 ταῖς
976 2291 1161 2378 ὄμοταγέσιν
1181 2292 1305 2378 ίεραρχι

265 2398 389 2478 ιιροῖται
410 2400 467 2458 καί
485 2398 582 2475 με’·σοιι
601 2399 657 2461 καί
679 2403 858 2461 τελευταῖαι
879 2395 983 2472 τάξεις
1006 2396 1086 2477 εἰσί,
1109 2394 1165 2459 καί
1184 2399 1246 2459 τῶν
1265 2389 1305 2478 ἦν

265 2517 328 2557 νιον
362 2491 391 2557 οὶ
414 2488 572 2579 θειότεροι
605 2495 799 2582 χειραγωγοὶ
816 2497 871 2592 ε’τιί
889 2492 946 2581 τὴν
966 2497 1058 2562 θείαν
1080 2490 1286 2579 προσαγωγὴν

339 2661 377 2712 ι8.
394 2664 452 2715 τῶν
471 2659 615 2731 nacitur?

268 2829 335 2876 mars,
355 2813 452 2867 beatus
471 2816 520 2866 ille
539 2817 638 2868 Paulus
657 2816 750 2879 novit,
771 2819 819 2888 qui
838 2819 877 2869 ait
894 2816 1005 2888 (Eplres.
1028 2833 1035 2869 ι
1057 2817 1103 2888 τι)
1120 2815 1264 2880 „consedit
1280 2813 1305 2866 Cl

268 2895 325 2934 stus
353 2903 432 2953 supra
462 2905 569 2938 omnem
596 2890 797 2957 principatum,
829 2890 992 2958 imperium,
1019 2897 1197 2956 potestatem,
1224 2903 1305 2939 omne

175 2993 178 2998 .
268 2972 368 3005 nomen
393 2957 468 3024 quod
498 2959 587 3009 verbis
619 2961 795 3028 exprimitur,
824 2961 984 3012 nonsnlum
1007 2959 1034 3009 in
1056 2958 1106 3011 Ιιοο
1126 2970 1192 3010 aevo
1212 2958 1258 3011 sed
1278 2966 1304 3008 et

268 3026 383 3075 luturo.''
411 3037 548 3079 caeterum
575 3029 707 3082 indicatos
734 3032 814 3082 hosce
841 3049 936 3083 novem
965 3031 1075 3082 ordines
1095 3030 1241 3096 Dionysius
1260 3031 1305 3080 in*

268 3095 639 3170 descriptiones(gradusque
657 3102 813 3165 distribuit,
834 3120 947 3170 quorum
966 3104 1052 3170 primo
1071 3102 1263 3153 contineantur
1282 3099 1305 3151 Sc

269 3165 317 3234 plri
341 3166 460 3218 Cherubi
487 3170 593 3233 throni,
620 3174 667 3241 qui
695 3172 806 3241 quidem
829 3175 897 3224 citra
927 3173 1044 3224 medium
1078 3172 1165 3222 ullum
1185 3181 1214 3223 et
1234 3171 1305 3222 conti

270 3236 405 3288 adsistant
423 3238 488 3304 deo;
518 3243 636 3293 secundo
663 3242 818 3295 dominatus
839 3253 986 3312 potestates
1006 3244 1128 3311 imperia,
1146 3244 1229 3295 tertio
1249 3251 1276 3292 et
1295 3259 1305 3289 ο

271 3325 317 3359 mo
334 3310 503 3378 principatus
518 3314 672 3382 archangeli
691 3317 789 3383 angeli.
804 3315 900 3365 horum
918 3315 1028 3366 ultianus
1040 3314 1116 3376 ordo,
1135 3313 1305 3381 quemadmoc

272 3388 300 3430 et
318 3381 393 3447 prius
421 3380 522 3433 dictum
543 3393 599 3447 est,
631 3387 768 3454 peculiare
789 3403 888 3437 nomen
910 3387 1067 3455 angelornm
1086 3383 1185 3446 habet,
1204 3395 1235 3435 ut
1254 3383 1299 3452 qui

272 3468 329 3500 rum
357 3450 507 3503 divinarum
532 3455 769 3525 interpretationes
795 3457 875 3507 nobis
893 3465 1031 3524 exponant
1049 3465 1077 3506 el
1094 3455 1129 3506 ad
1147 3471 1197 3506 nos
1218 3455 1305 3525 perfer

272 3538 427 3590 quanquam
454 3523 521 3575 haec
545 3525 640 3577 eadem
673 3528 828 3595 angelorum
859 3529 1007 3595 appellatio
1026 3528 1130 3577 cunctis
1160 3528 1241 3577 etiarm
1260 3533 1305 3576 nal

273 3593 481 3645 intellectilibns
494 3596 632 3659 tribuitur,
651 3603 723 3666 qnod
736 3600 811 3665 ipsae
828 3600 914 3665 primo
933 3600 993 3658 loco
1014 3597 1143 3648 divinitus
1162 3599 1305 3648 collustren

273 3671 355 3731 atqam
376 3666 412 3713 ita
433 3665 561 3736 deinceps
581 3686 629 3736 per
643 3669 715 3736 ipsas
737 3668 772 3718 ad
789 3686 838 3718 nos
859 3686 970 3737 quoque
988 3685 1077 3718 rerum
1097 3669 1249 3720 divinarum
1268 3685 1305 3716 arc

274 3736 440 3799 perveniant.
462 3739 563 3806 quippe
583 3740 628 3788 lex
646 3739 704 3807 ipsa
723 3755 770 3807 per
789 3740 899 3805 angelus
921 3739 1001 3790 nobis
1021 3738 1084 3790 data
1104 3748 1160 3802 σοι,
1179 3739 1298 3807 itemque

275 3811 328 3853 tres
355 3805 416 3856 illos
444 3808 565 3859 illustres
597 3818 648 3859 tam
677 3819 741 3860 ante
767 3827 848 3877 quam
867 3819 929 3878 post
954 3811 1039 3876 legem
1058 3811 1255 3878 promulgatam
1276 3825 1305 3858 aa

275 3873 396 3924 divinum
418 3877 452 3927 nd
471 3896 570 3930 numen
592 3879 789 3932 convehebant.
808 3897 867 3932 narn
885 3897 935 3948 per
952 3881 1038 3950 prima
1056 3899 1161 3932 suranna
1180 3881 1305 3931 ducenta:

275 3959 346 4025 quae
364 3947 459 3999 ordine
478 3949 596 4000 secunda
614 3959 685 4002 suut.
706 3968 795 4020 neque
816 3960 920 4003 orntum
939 3968 1018 4020 supra
1038 3969 1087 4002 nos
1107 3961 1171 4003 sunt
1190 3952 1305 4003 intellec

277 4014 342 4064 illae
367 4026 495 4082 naturae,
521 4021 569 4072 sed
599 4023 680 4072 etiam
706 4023 735 4073 in
765 4024 830 4090 ipsis
863 4022 918 4073 illio
948 4022 1125 4091 caeteroquin
1153 4021 1250 4074 endem
1270 4039 1305 4073 οτι

276 4087 475 4154 comprehensis
493 4092 575 4142 sacris
595 4093 792 4162 priucipatibus
809 4092 890 4161 primi
908 4092 1019 4161 quidam
1036 4094 1134 4160 gradus
1152 4103 1218 4145 suut
1236 4101 1266 4145 et
1282 4109 1305 4144 m

279 4165 306 4204 et
325 4158 423 4212 ultimi.
444 4162 525 4213 simul
545 4162 703 4217 inferiorum
722 4164 805 4216 doces
823 4170 888 4216 sunt
906 4163 955 4216 atii
974 4163 1139 4226 mariniaco,
1157 4164 1192 4215 ad
1212 4166 1305 4235 percip
