2722 4800
263 225 341 282 ττο
594 222 810 286 micantius
835 219 997 290 στεῦτο

254 371 418 458 χρώμεναι
439 363 523 450 dna}
542 372 598 436 τοῦ
619 373 767 447 όνιαντοό
786 374 951 451 τίκτουσικ,
971 368 1006 434 αλ
1027 369 1062 433 dd
1077 359 1197 452 ἥμεροι
1216 362 1265 441 dic
1283 366 1329 430 όιτ

175 466 182 479 ’
255 472 313 556 την
332 479 469 554 παχεῖαν
491 474 624 536 δίαιταν.
664 471 897 562 αἱπιανθεῐσαι
916 461 972 544 dec
993 467 1244 550 λειποτριχοόσι·
1283 486 1329 541 πι,

255 565 420 654 σινόμενοι
443 566 504 654 γὰρ
528 570 728 655 σαρκοόντατ,
747 571 868 650 μᾶλλον
890 567 1082 633 δὲτοιαῦται
1099 562 1136 629 αἱ
1157 567 1329 635 πίπτουσαι

176 672 432 742 manducaverat
459 672 494 735 δὲ
514 675 691 734 λείπονται
705 670 764 734 τοῦ
789 668 1042 754 περιττώματος,
1063 662 1098 731 αἱ
1122 666 1157 730 dd
1178 665 1284 757 τρίχες
1301 665 1329 730 ότ

253 772 316 834 τοῖν
336 767 606 854 περιττωμάτων.»
1045 831 1049 835 Δ,

332 863 432 935 Ἡδὲ
452 869 540 934 αἰτία
560 871 602 933 δι’
625 866 666 953 ἢν
686 865 704 932 ό
724 859 762 943 ὗς
782 884 815 931 τε
834 861 891 930 καί
907 862 925 930 ό
947 862 1041 939 ἵππος
1062 859 1167 950 α’φρόν
1188 859 1276 947 παρό
1295 869 1329 951 τῇ

254 969 389 1050 στόματι
409 969 579 1054 φέρουσιν,
616 963 708 1051 αότη.
749 965 769 1051 ἦ
790 964 949 1051 θερμότης
972 963 1126 1039 ολσαότοτς
1145 960 1200 1026 καί
1219 961 1236 1047 ἡ
1255 960 1329 1046 κίνη-

169 1075 304 1147 Ήςσις
323 1071 499 1133 λευκαίνειν
518 1063 615 1132 εἴωθε
636 1065 675 1130 τό
695 1065 791 1152 όμρό.
833 1066 888 1129 καί
911 1059 970 1150 ὅρα
988 1062 1045 1148 την
1066 1061 1250 1128 θάλασσαν·
1289 1085 1329 1124 su.

252 1167 388 1250 νοομόυη
408 1164 469 1252 γὰρ
501 1165 558 1233 ὑπ’,
576 1166 700 1247 ἀνίμων
723 1167 932 1230 λευκαίνετατ.
975 1156 1127 1247 ὅραμοός
1148 1159 1329 1240 όποκαιομέ

252 1287 328 1340 νους
347 1269 491 1348 λέβητας.
532 1258 593 1349 όρα
609 1264 668 1349 την
690 1266 724 1328 όν
743 1267 784 1351 τῷ
806 1263 878 1346 όίρι
894 1259 1064 1347 ὑγρότητα·
1103 1264 1260 1343 χειμῶνος
1278 1255 1329 1343 μὲ

252 1362 310 1428 ὑπ’
330 1363 454 1443 α’νέμοτν
475 1367 640 1448 κινουμένη
669 1367 886 1445 λεοκαίνεται,
906 1362 1130 1443 λευκαινομὲνη
1152 1361 1188 1424 δὲ
1210 1359 1262 1423 διό
1281 1355 1329 1442 tr}

190 1532 198 1555 1
251 1464 424 1547 τηνικαῦτα
451 1465 548 1542 μίξιν
584 1460 755 1546 πήγνυται,
789 1462 845 1526 κατ’
875 1457 972 1535 οὕτως
1001 1458 1021 1543 ἦ
1050 1455 1144 1550 χυτόν.
1163 1462 1329 1544 καταφίρι

251 1583 331 1628 ται·
366 1561 393 1644 ἦ
414 1559 475 1645 ηόρ
496 1559 577 1644 χιτόν
597 1561 691 1625 οὐδὲν
713 1555 790 1626 ἄλλο
807 1561 908 1625 ’ἐστίν
929 1553 951 1645 ἢ
970 1553 1058 1643 όόοιρ
1081 1559 1247 1645 ἡμιπογὲς.
1284 1556 1329 1619 οἱ

253 1685 298 1724 τοι
318 1662 377 1740 μὲν
394 1653 465 1726 σόν
487 1663 541 1724 καί
568 1657 656 1742 παρὰ
685 1663 729 1749 τῷ
749 1657 804 1725 aiil
824 1658 880 1723 καί
906 1659 991 1746 ἵππηι
1021 1655 1104 1743 όγρό
1129 1654 1329 1739 λεπτυνόμτμ

252 1761 301 1835 εἰς
329 1757 537 1845 πομφόλυγας
557 1756 610 1825 διό
632 1756 809 1845 θερμότητα
840 1760 895 1822 καί
913 1755 1034 1841 κίνησιν
1052 1759 1098 1832 εἰς
1118 1755 1225 1844 α’φρόν
1243 1778 1329 1839 aar:

253 1857 433 1943 βάλλονται.

225 1967 247 2020 Β
338 1959 381 2024 Es’
402 1960 437 2022 δὲ
469 1960 523 2024 κατ’
555 1955 610 2023 τόν
629 1955 721 2041 λόγον
741 1959 861 2033 ἐθέλεις
890 1961 1006 2040 μαθεῖν
1028 1948 1068 2019 τό
1086 1957 1182 2040 χάριν
1204 1952 1233 2021 οἱ
1250 1954 1329 2019 κόνι

252 2059 345 2140 μόνοι
365 2060 505 2122 λοττῶστ
526 2055 606 2121 κατό
626 2080 661 2140 γε
684 2053 720 2122 τό
749 2060 845 2142 θέρος
855 2104 869 2137 ,,
885 2053 993 2141 σαφὴς
1013 2054 1084 2120 idad
1106 2054 1161 2119 καί
1177 2047 1268 2130 οὗτός
1285 2077 1326 2121 τ’

252 2155 431 2240 πρόκειται.
485 2160 640 2222 λυττῶσιν
672 2152 702 2220 οἱ
722 2154 814 2231 κόνες
844 2155 897 2219 dui
916 2155 976 2238 τήν
994 2152 1152 2240 πρόληψιν
1171 2157 1225 2240 τῆς
1244 2153 1329 2239 ξηρὲ

247 2255 407 2341 κράσεως.
447 2251 545 2340 φόοει
561 2257 598 2320 δέ
619 2254 681 2318 τίσι
703 2255 804 2338 ξηροί,
826 2255 881 2316 καί
898 2254 991 2318 πλέον
1010 2249 1329 2336 τοῖς,καόμασι.,θτι

254 2354 431 2436 μαινόμενα
452 2346 508 2417 οὖν
529 2357 585 2417 κοί
602 2348 894 2437 καταξηρατνόμενα
912 2354 1104 2438 ἐκπυροῦται
1122 2353 1161 2418 τό
1181 2357 1216 2420 ἑν
1235 2355 1329 2418 udam

254 2447 356 2539 όγρό,
378 2447 550 2517 κάντεῦθεν
575 2448 628 2517 διό
648 2449 707 2535 τη“ν
727 2443 808 2534 dyas
827 2448 977 2538 ξηρότητα
996 2455 1173 2537 μαίνονται,
1195 2450 1329 2518 καθότι

329 2643 367 2695 ¹9·
387 2627 575 2698 πρόσληψτνὲ
1106 2599 1110 2606 .
1209 2575 1255 2661 *ll*

256 2779 341 2832 semel
361 2781 389 2831 ln
408 2797 478 2832 τττττο
495 2797 605 2850 parcre,
646 2797 709 2832 uum
728 2781 828 2832 cicures
847 2779 883 2832 ob
912 2781 1106 2834 nutrimentum
1119 2782 1244 2852 pinguius
1261 2783 1329 2849 larg

256 2867 343 2922 usque
362 2851 403 2901 bis
431 2852 552 2920 pariant.¹
573 2797 683 2903 eaedem
710 2850 758 2902 ubi
783 2852 896 2921 pingues
925 2852 1012 2904 sactae
1033 2861 1114 2917 sunt,
1135 2862 1205 2906 setas
1224 2854 1329 2923 aapila

256 2924 392 2974 amittunt.
411 2924 513 2990 quiippe
532 2940 591 2973 cum
605 2923 801 2992 pinguescunt,
820 2931 848 2974 et
863 2925 916 2975 ium
936 2924 1019 2991 magis
1038 2941 1165 2976 carnosas
1185 2923 1329 2978 rediturus

258 3008 383 3042 carnosae
405 2994 504 3043 rectius
523 2994 603 3044 etiam
624 2993 767 3061 digerunt3
785 3008 855 3061 quae
873 2993 998 3063 digerunt
1016 2994 1171 3060 commode,
1187 2998 1278 3065 parum
1291 3005 1329 3045 a:

258 3061 389 3113 crementi
408 3061 526 3129 habent3
545 3062 580 3114 de
602 3063 777 3115 excrementis
795 3071 887 3116 autern
903 3073 977 3116 setae
996 3083 1027 3117 ac
1047 3066 1098 3135 pili
1117 3067 1244 3119 existunt

213 3126 217 3136 ¹
328 3131 383 3182 Cur
402 3148 466 3200 aper
492 3143 521 3185 et
539 3150 625 3205 equus
644 3150 764 3202 spumam
781 3134 851 3184 circa
879 3151 908 3186 os
927 3145 1037 3204 gerant,
1055 3136 1216 3189 haeccausa
1233 3144 1329 3189 astes

259 3202 303 3253 lor
321 3211 350 3252 et
365 3209 457 3253 motus
474 3219 507 3254 cx
534 3220 623 3274 aequo
653 3220 697 3255 res
715 3204 838 3257 humidas
869 3206 988 3259 efficiunt
1008 3206 1090 3258 albas.
1112 3207 1173 3260 vide
1194 3208 1329 3279 quidmz

261 3271 381 3323 accidat:
407 3289 466 3323 cum
492 3291 508 3325 a
535 3275 623 3326 ventis
649 3284 845 3340 commovetur,
873 3277 994 3330 albescit.
1021 3278 1124 3348 inspice
1143 3276 1329 3349 ollas,‘qnib=

260 3343 330 3411 ignis
349 3341 500 3394 subiicitur.
519 3345 627 3398 intuere
645 3344 799 3411 humorem,
819 3348 866 3417 qui
882 3356 924 3400 est
942 3349 972 3399 iu
992 3353 1066 3400 aare:
1085 3350 1199 3419 agitatus
1225 3353 1329 3401 avent

261 3413 378 3466 interno
397 3421 519 3484 tempore
549 3416 667 3468 colorem
698 3416 790 3468 album
811 3418 921 3488 accipit;
947 3428 1092 3489 postquam
1117 3420 1221 3486 albuit,
1239 3421 1272 3472 ob
1291 3419 1329 3469 l(

260 3502 325 3553 gus,
344 3484 418 3553 quod
437 3493 478 3536 est
497 3487 526 3536 in
555 3493 628 3550 aere,
656 3488 820 3556 congelatur.
842 3490 881 3541 ita
900 3490 948 3540 nix
968 3488 1121 3542 delabitur:
1140 3510 1202 3543 nam
1224 3508 1255 3542 ea
1273 3488 1329 3542 nil!

261 3565 303 3608 est
321 3555 397 3607 aliud
414 3573 495 3625 quam
513 3574 584 3627 aqua
601 3559 815 3626 sernicongelata.
828 3561 865 3611 sic
882 3561 966 3628 igitur
979 3570 1006 3612 et
1024 3561 1052 3612 in
1074 3579 1138 3628 apro
1155 3580 1186 3613 ac
1205 3578 1272 3632 equo
1288 3559 1329 3611 Ιτι

260 3643 348 3678 mores
366 3627 482 3679 minutas
508 3629 537 3680 in
564 3628 653 3681 buttss
680 3629 781 3681 redacti
801 3647 849 3701 per
872 3631 990 3683 calorem
1010 3640 1039 3684 et
1054 3640 1157 3684 motum
1176 3635 1207 3684 in
1225 3639 1329 3705 spuma!

260 3706 460 3750 convertuntur.

332 3767 438 3837 Quodsi
462 3770 593 3821 rationem
619 3770 677 3822 eius
704 3787 814 3841 quoque
839 3772 879 3824 rei
903 3786 982 3823 nosse
1000 3769 1152 3835 desideras,
1173 3771 1329 3842 quamobreJ

262 3854 341 3889 canes
359 3840 411 3890 soli
428 3842 530 3892 aestivo
551 3850 672 3910 tempore
689 3842 745 3894 siut
775 3842 886 3905 rabiosi,
909 3841 1048 3897 luculente
1066 3842 1094 3893 id
1112 3844 1200 3912 ipsum
1218 3844 1276 3895 heic
1289 3831 1329 3892 u!

263 3907 428 3960 declarabo.‘
442 3910 530 3962 rabies
556 3911 667 3964 infestat
690 3929 768 3964 canes
794 3922 905 3984 propter
928 3913 1014 3964 siccae
1044 3916 1329 3984 temperaturaeuiucrt

263 3986 391 4029 rnerrtum.
410 3989 473 4032 sunt
492 3982 564 4032 enim
582 4000 598 4032 a
615 3991 711 4035 natura
730 3984 808 4047 sicci,
828 3999 914 4052 eaque
932 3984 1036 4035 siccitas
1053 4002 1101 4052 per
1121 3995 1209 4038 aestus
1226 3992 1329 4054 augent

263 4050 355 4116 itaque
374 4049 502 4102 lrtrmores'
529 4052 560 4104 in
585 4054 623 4106 eis
648 4055 841 4106 incalescentes
860 4061 888 4105 et
914 4054 1044 4122 paulatim
1065 4056 1193 4108 exsiccati
1210 4054 1329 4109 velutin

262 4118 440 4175 tlaaunautur.
469 4121 532 4174 hinc
562 4122 594 4177 fit
623 4132 653 4177 ut
673 4125 771 4180 nimias
797 4122 925 4179 siccitatis
951 4141 1031 4178 causa
1049 4125 1078 4181 iu
1097 4127 1199 4181 rabiem
1216 4133 1329 4200 agnusue
