2766 4800
222 92 276 178 28
357 178 359 182 ,
552 112 767 180 οισιιιοιισ
798 109 970 199 σοτσιο

219 281 276 369 ἔν,
294 285 350 351 καῖ
370 275 452 349 ἄλλα
473 282 506 363 ἒξ
526 273 631 347 ἄλλων
650 285 790 367 πληροῦν
808 283 914 347 πᾶσαν
933 279 1013 347 κατα
1033 279 1069 346 τὰ
1089 281 1220 365 συνεχὲς
1240 283 1310 348 ἔπι-

219 383 319 472 ιιλιὲση
340 381 396 469 τήν
417 374 567 467 ήπειρον,
588 378 804 466 ,μαναχθήτω
825 377 867 446 τὰ
888 377 1009 446 iias&
1032 374 1117 444 εἶπεν
1135 381 1204 460 „cic
1226 406 1305 446 συνσ

221 481 347 568 αγαγήν
379 481 493 564 μῖαν,”
521 484 682 545 τουτέστιν
712 472 792 565 ἄλλη
814 478 876 544 α’πὸ
900 479 1019 563 ταύτης
1039 477 1082 560 μή
1106 474 1311 565 οἷπογευηθή-

219 608 281 665 τυ,
309 582 377 646 a’tt’
398 583 433 645 ἐν
453 581 492 666 τῇ
512 581 620 667 πρώτη
648 581 785 668 συλλογῇ
808 576 1007 661 α’πομεινσὶτω
1028 577 1062 644 τὸ
1082 574 1309 661 συναγόμενον.

218 679 298 753 κατὰ
319 682 409 746 τοῦτο
430 681 485 743 ιιαί
505 678 523 741 o‘
542 675 776 763 Ἐκκλησιασεής
797 703 896 765 φησιν
917 673 969 742 ὅτι
989 678 1103 753 πάντες
1123 674 1153 742 οἱ
1170 681 1346 764 χείμαρ-5

217 804 270 868 ροι
290 779 481 866 πορεύονται
503 781 549 853 εἰς
572 776 630 863 τήν
650 776 839 858 θάλασσαν,
860 779 916 842 καί
936 777 955 861 ἦ
976 776 1125 842 θάλασσα
1144 777 1201 840 ου’κ
1223 775 1309 844 ἔστιν

219 882 455 964 ἐμπιπλαμένη,
483 875 590 962 ἐπειδή
623 880 679 942 καί
709 876 744 942 τὸ
773 877 842 962 ῥεῖν
862 885 928 954 τοῖς
960 873 1057 942 itaut
1087 877 1140 941 διὰ
1162 875 1198 943 τὸ
1219 882 1310 944 θεῖον

187 979 427 1066 Βπρόσταγμα·
468 977 700 1062 ,,συναχθήτω”
721 975 781 1063 γάρ
796 1002 876 1064 φησι
898 974 956 1060 „ui
978 970 1107 1042 itare?
1130 979 1185 1042 καί
1203 976 1240 1043 τὸ
1265 975 1310 1043 εἴ·

219 1105 266 1147 σω
287 1083 323 1144 δὲ
342 1081 406 1143 τῶν
426 1073 511 1162 ὅροιν
524 1076 778 1162 περιγεγράφθαι
793 1075 851 1160 τήν
872 1077 1040 1142 θάλασσαν
1061 1074 1125 1142 α’πὸ
1146 1079 1201 1160 τῆς
1219 1082 1309 1160 προῖ-

216 1203 272 1263 της
291 1177 480 1260 νομοθεσίαις
502 1178 582 1241 insi·
620 1175 778 1259 πρόσεχε,
801 1177 954 1262 α’γαπητὲ.
994 1175 1141 1261 συνήχθη
1162 1175 1198 1241 τὸ
1217 1175 1307 1263 ὕδωρ
1320 1202 1376 1242 1⁴

216 1281 263 1355 εἷς
282 1272 466 1361 συναγωγήν
483 1278 581 1358 μίαν,
604 1276 659 1340 καί
679 1269 776 1362 ὤφθη
800 1273 820 1362 'l
844 1273 956 1362 ξηρά.”
997 1273 1105 1359 ἐπειδή
1128 1273 1189 1360 γὰρ
1210 1277 1310 1359 ἀόρα-

214 1400 268 1454 τος
289 1369 329 1459 ἦν
349 1369 369 1460 ή
390 1378 432 1460 γή
452 1377 507 1440 nui
527 1370 801 1452 ἅκατοισιιευαστος
815 1372 870 1440 ἅτε
889 1379 949 1440 τοῦ
969 1372 1083 1449 ὕδατος
1103 1378 1311 1454 ἐπιπολάζον-

216 1500 270 1551 τος
290 1474 390 1562 αὕτή,
426 1471 480 1539 διὰ
503 1477 593 1539 τοῦτο
614 1473 656 1550 ,τὸ
681 1469 769 1558 ὕδωρ
801 1475 947 1560 συνήχθη
972 1476 1018 1552 εἷς
1047 1472 1104 1550 τὰς
1123 1475 1311 1558 συναγωγάς

217 1574 336 1656 αὐτοῦ,
374 1571 429 1638 καὶ
447 1567 546 1647 οὕτως
564 1569 667 1657 ὁρατή
695 1577 819 1656 γέγονεν
838 1574 858 1658 ἡ
881 1573 1016 1658 α’ὀρατος
1038 1565 1120 1638 οὖσα
1139 1573 1173 1637 ri
1196 1571 1310 1658 πρότε-

218 1694 284 1756 ρον.
331 1668 401 1736 τότε
425 1669 464 1756 δή
497 1668 566 1736 τότε
590 1675 645 1735 κατ’
666 1679 779 1758 φυτοῖς
797 1675 957 1750 παντοίοις
977 1670 1206 1752 ἐκαλλωπίζετο
1230 1672 1309 1761 &erip
1325 1702 1348 1742 ι

216 1771 457 1860 προστάγματι,
479 1771 523 1849 ὥς
544 1765 667 1836 ἄνωθεν
687 1769 821 1855 εἴρηται.

300 1872 342 1938 Εἰ
364 1874 400 1937 δὲ
430 1875 486 1937 καί
504 1875 586 1947 τίνος
607 1873 708 1938 ἕνεκεν
729 1873 883 1960 ἐπιζητεῖς
911 1867 995 1936 οὗτοι
1012 1871 1091 1937 κατὰ
1111 1874 1207 1956 μέρος
1228 1869 1248 1956 'l
1270 1875 1311 1955 γή

140 1969 275 2038 Ρ.ι5τὸν
295 1972 409 2037 οἰκεῖον
437 1973 562 2055 ἐδέχετο
578 1967 696 2053 κόσμον
720 1970 775 2035 καί
794 1974 851 2036 ουίι
880 1974 914 2052 ἐξ
931 1975 1034 2057 ἀρχῆς
1056 1973 1152 2054 αιῖτής
1173 1964 1311 2055 ἀπηρτι-

106 2085 110 2091 ’
209 2075 322 2156 ομὲνη
354 2072 530 2156 παρήγετο,
567 2067 628 2153 ἐγώ
648 2092 699 2134 σοι
728 2072 812 2152 ἐρῶ,
839 2074 959 2151 μᾶλλον
983 2073 1017 2135 tt·
1037 2067 1095 2134 οο’κ
1118 2067 1178 2153 ἐγώ
1201 2072 1313 2134 ‹itt’t

221 2171 279 2255 τήν
301 2171 444 2254 γλῶτταν
470 2172 624 2252 χρυσοῦς.
675 2166 784 2261 ε’πειδή
808 2167 874 2255 ,γὰρ
898 2171 918 2255 ή
945 2172 985 2254 γή
1007 2160 1111 2254 μήτηρ
1134 2169 1225 2252 ήμῶν
1245 2173 1314 2235 ἐστι’
1322 2191 1376 2241 2¹

183 2359 188 2368 η
222 2272 279 2336 καὶ
294 2263 550 2356 τροφός,’ἐπειδη“
571 2267 686 2343 πάντες
705 2270 738 2346 ἐξ
759 2269 859 2358 αὐτῆς
879 2272 1059 2356 γεγένηνται
1072 2269 1135 2333 .καί
1155 2271 1201 2343 εἰς
1213 2262 1313 2353 αὐτήν

220 2595 278 2633 non
295 2579 462 2652 demergeret
490 2582 625 2652 aquibus
647 2583 792 2652 recipitur,
821 2597 872 2634 nec
892 2597 998 2652 semper
1015 2583 1093 2652 quasi
1110 2582 1312 2651 progrediendo

193 2701 196 2708 .
220 2653 330 2722 ollaque
347 2664 410 2723 post
430 2655 483 2707 alia
501 2654 562 2706 locu
581 2653 711 2722 replendo
735 2652 847 2704 tandem
866 2655 995 2705 continno
1015 2661 1102 2705 tractu
1123 2655 1314 2707 continentem

220 2723 373 2776 universnm
400 2724 560 2788 inundaret,
588 2726 684 2775 iccirco
710 2723 780 2775 dixit
805 2722 871 2774 deus
889 2724 970 2794 (Gen.
992 2741 1001 2775 1
1022 2728 1052 2792 9)
1081 2732 1196 2788 „coeant
1223 2741 1313 2794 aquae

219 2809 300 2846 unum
319 2796 348 2847 in
367 2797 587 2858 collectionem‚”
604 2795 656 2846 hoc
678 2803 732 2854 est,
760 2795 794 2845 ab
811 2794 863 2845 lruc
880 2812 950 2864 aquo
969 2794 1044 2846 nulla
1062 2812 1090 2845 se
1109 2803 1246 2862 segreget,
1263 2794 1314 2847 sed

219 2866 295 2934 quod
315 2866 397 2917 modo
415 2866 562 2935 colligitur,
581 2866 609 2916 in
627 2865 677 2917 hoc
699 2867 784 2933 primu
795 2866 958 2917 collectione
974 2866 1110 2935 persistat
1128 2868 1167 2917 sic
1186 2875 1213 2916 et
1231 2867 1314 2916 Solo-

218 2937 342 2988 monicus
370 2935 417 2987 ille
443 2937 618 2988 concionator
645 2936 757 3007 (Eccles.
780 2954 789 2986 t
814 2940 841 3004 η)
867 2938 958 3005 inquit
982 2953 1092 3000 „omnes
1121 2945 1256 2988 torrentes
1282 2938 1313 2988 in

218 3022 291 3058 mare
310 3015 434 3074 pergunt,
450 3016 642 3076 nequetamen
660 3007 757 3058 iccirco
775 3023 849 3059 mare
862 3008 1037 3076 completur.”
1057 3025 1119 3057 narn
1138 3007 1224 3077 ipsam
1243 3024 1328 3075 quo-

240 3093 274 3127 ue
290 3076 437 3143 fluxionem
454 3095 530 3130 snam
550 3095 637 3147 aquae
651 3077 703 3130 hoc
722 3095 755 3128 er
771 3077 898 3130 mandato
913 3077 958 3129 clei
977 3086 1138 3130 consecutae
1157 3086 1230 3141 sunt,
1251 3095 1313 3128 curn

219 3092 325 3198 {iceret
341 3157 455 3209 „coeunt
474 3151 586 3218 nquae.''
605 3149 640 3201 sb
670 3147 766 3200 eadem
784 3150 844 3218 lege
862 3151 986 3220 principe
1004 3150 1156 3218 proiectum
1176 3147 1313 3217 estquod

217 3217 290 3269 intro
318 3217 420 3269 limitet
441 3217 594 3271 suosmet-e
624 3220 854 3289 circumscriptum
873 3230 972 3273 ninnet.
990 3220 1099 3271 adverte
1121 3219 1255 3282 animum,
1274 3220 1313 3269 rui

217 3287 267 3339 lili.
294 3296 426 3350 ,προεῖτο
453 3293 547 3354 sunt‚''
572 3291 612 3342 ait
629 3291 719 3342 Moses
738 3290 819 3361 (Gen.
841 3308 850 3342 1
874 3292 922 3362 2),
948 3309 1048 3355 „unam
1071 3291 1101 3340 in
1119 3290 1314 3341 collectionem

216 3374 322 3426 equae,
344 3361 503 3419 acsiccusn
523 3363 673 3431 apparuit’'
696 3363 761 3430 quia
787 3363 860 3413 enirn
878 3370 951 3414 terra
971 3363 1045 3413 cerni
1062 3378 1118 3413 non
1135 3370 1263 3430 poterat,
1285 3370 1315 3414 et

217 3427 293 3480 rudis
322 3447 353 3481 sc
382 3431 505 3482 informis
532 3438 603 3494 erat,
631 3432 743 3483 dumio
762 3433 820 3484 eius
838 3433 981 3501 superficie
1003 3433 1124 3483 fluitaret
1143 3448 1228 3500 aqna,
1248 3449 1314 3500 pro·

216 3506 312 3568 pterea
326 3519 385 3553 suns
399 3503 428 3552 in
449 3502 626 3555 collectiones
644 3520 715 3572 aqua
729 3512 821 3554 coacta
839 3505 913 3554 cerni
932 3503 1045 3554 tonclem'
1061 3502 1151 3570 coepit
1163 3511 1236 3553 terra
1256 3504 1314 3571 pri-

216 3586 250 3621 us
270 3570 503 3641 incdspectebilis.
523 3591 577 3644 quo
597 3573 709 3642 quidem
728 3582 849 3642 tempore
865 3573 992 3626 mandato
1011 3573 1103 3626 divino
1121 3582 1251 3625 exornata
1271 3582 1316 3628 est

125 3689 128 3697 ,
216 3643 369 3708 omnigenis
387 3645 535 3713 stirpibus,
550 3645 592 3695 uti
609 3662 690 3714 supra
708 3644 905 3696 iudicabamus.

177 3757 178 3760 ,
213 3723 214 3728 ’
269 3712 393 3781 ‘Quodsi
420 3715 501 3768 etiem
525 3715 633 3786 quaeris
665 3715 840 3784 quamobrem
866 3715 904 3765 ita
931 3713 1114 3782 particulatim
1141 3720 1214 3768 terra
1232 3730 1313 3771 sirum

218 3793 407 3836 ornamentum
428 3788 645 3851 consecuta‘sit,
663 3803 718 3837 non
737 3789 827 3839 stetini
846 3785 880 3835 nb
901 3784 980 3835 initio
1002 3801 1111 3853 prorsus
1129 3782 1163 3837 cb
1182 3783 1314 3837 omnibus

188 3885 198 3900 .
218 3853 299 3905 rebus
327 3855 458 3907 instructu
485 3857 636 3926 prodierit,
662 3858 789 3927 equidem
813 3858 871 3907 eius
890 3855 940 3906 tibi
971 3856 1011 3905 rei
1028 3873 1133 3905 causant
1151 3854 1315 3922 explicabo,

217 3924 261 3975 vel
282 3926 375 3994 potius
402 3944 458 3977 non
479 3944 546 3996 ego,
577 3927 624 3979 sed
644 3928 776 3979 lohannes
794 3926 1008 3992 chrysostomus.
1027 3942 1089 3977 nam
1108 3943 1168 3977 cunt
1188 3933 1263 3979 terra
1278 3927 1317 3978 sit

129 4025 131 4030 ν
218 4010 315 4067 parens
337 4005 364 4052 et
389 3997 470 4052 altrix
482 3997 641 4062 hominum,
663 4000 770 4070 quaudo
791 4013 823 4048 ex
843 4014 874 4049 ea
904 3997 993 4051 cuncti
1011 4006 1073 4050 scrut
1090 3998 1142 4049 orti
1162 4005 1189 4047 et
1206 3996 1236 4048 in
1255 4013 1315 4050 earn
