2722 4800
263 237 318 323 88
597 262 811 325 strennuus
843 257 1004 322 ceuceu

347 415 397 479 Ori
422 412 485 497 χρή
518 415 697 491 θαυμάζειν
724 407 788 494 εἴγε
810 416 879 484 ταῖς
893 411 947 491 τής
967 404 1096 489 σελήνης
1119 404 1308 485 αυξομειοὶσι

262 513 492 597 μεταβάλλεται
514 510 531 574 si
552 511 632 596 άήρ,
656 506 736 574 ὅπου
757 533 792 593 με
824 507 879 571 καί
900 508 933 571 ἒν
955 502 1047 585 ζάοις
1067 505 1149 567 τισίν
1168 499 1237 568 ἔστι
1260 507 1308 567 roi

263 616 352 678 ἰδεῖν.
395 610 479 698 φασί
498 610 559 697 γάρ
579 608 638 693 τήν
652 604 716 690 ἶβιν
741 608 892 691 μηδαμοῦ
912 601 991 691 ὁρᾶν
1011 596 1063 667 ὅτε
1084 604 1236 687 α’σίληνος
1259 598 1308 665 ric

264 711 377 794 ραυός,
399 707 492 793 μύειν
517 711 552 774 δὲ
571 707 627 773 καί
649 703 759 772 άσιτον
789 710 904 786 μένειν.
946 699 963 766 ὃ
989 704 1024 766 δὲ
1045 703 1175 784 κέρκωψ
1197 703 1308 786 προδηὲ

261 813 356 896 τέρας
375 807 443 892 ἔχει
462 807 519 884 τάς
552 810 730 890 ἐνεργείαις·
785 800 838 867 ὅτε
858 801 920 885 γάρ
943 791 1033 879 αὔξει
1055 798 1076 884 ἧ
1097 798 1229 884 σελήνη,
1252 799 1270 865 o‘
1292 825 1308 864 τ

263 912 440 996 ὀφθαλμῶν
453 904 565 982 κύκλος
587 906 688 993 τούτῳ
707 897 891 989 εὐρύνεται,
912 894 964 966 ὅτε
985 903 1021 965 δὲ
1041 900 1197 982 μειοῦται,
1219 924 1308 965 ouon

235 1011 361 1073 Βλεται.
404 1002 486 1072 άλλά
508 1008 563 1069 καί
581 1006 602 1088 ή
625 1005 706 1088 γαλή
728 999 989 1087 λειψοφοοεοάσης
1008 1001 1063 1084 τής
1084 994 1215 1081 σελήνης
1236 994 1308 1084 ήιια

263 1108 417 1172 λείπεται·
468 1101 707 1190 ου’ξιφωίοάσης
737 1102 773 1166 δὲ
793 1098 889 1166 πάλιν
918 1100 1017 1182 ου’τής
1035 1095 1071 1162 τά
1091 1098 1308 1169 τοιοῦτοναιίι

263 1201 516 1290 προσεααάξεται
543 1200 665 1286 μόριον.
718 1201 804 1286 φασί
824 1201 859 1265 δὲ
876 1202 931 1264 καί
950 1199 984 1263 ἒν
1002 1199 1133 1284 ποταμῷ
1151 1198 1194 1284 τῷ
1209 1196 1308 1261 ‘Tria'o

179 1311 209 1363 V.
220 1314 255 1365 36
262 1305 433 1387 γεννᾶσθαι
442 1301 533 1365 λίθου
553 1302 663 1383 λίχυηυ
676 1299 878 1379 καλούμενον,
901 1293 936 1372 ὃς
948 1292 1078 1380 σελήνης
1091 1296 1267 1379 αὐξομένης
1277 1288 1308 1378 η’)

262 1403 419 1488 μελῳδίας
447 1401 604 1463 υίαοτελεῖ.
648 1395 703 1462 καί
723 1399 756 1462 ἐν
784 1399 917 1485 ποταμῷ
944 1395 1308 1480 uenerandumne

262 1500 364 1582 ίχθίιυ
386 1501 527 1562 κλωαίαν
550 1499 712 1580 ἐγχωρίαις
736 1492 945 1577 καλούμενον,
967 1490 1002 1569 ὃς
1023 1494 1198 1576 αὐξομένης
1217 1497 1273 1578 τῆς
1305 1526 1308 1551 r

264 1595 358 1680 λήυης
387 1597 583 1660 λευκαίνεεαι
614 1599 804 1678 μειουμένης
834 1596 869 1660 δὲ
889 1596 1081 1678 μελαίνεται.
1124 1595 1225 1658 ταῦτα
1257 1595 1293 1658 δὲ

264 1691 428 1781 ἑξαημὲρῳ
449 1692 548 1759 αὐτοῦ
564 1697 834 1780 συμπεριειληφεν
858 1693 874 1758 ὅ
896 1696 994 1777 μίγας
1015 1692 1234 1769 Ἆυαστάσιος.

344 1787 443 1861 Ἀλλά
465 1791 522 1857 καί
541 1792 596 1858 διά
615 1792 687 1868 τούς
718 1792 932 1868 ἀπιστοῦντας
952 1785 973 1876 ή
994 1794 1113 1872 μᾶλλον
1134 1794 1233 1858 εἰπεῖν
1254 1794 1308 1858 εἰει

241 1896 391 1969 ΰλῶνεας
410 1896 449 1980 τῇ
469 1892 659 1973 ἀναστάσει,
684 1890 771 1956 καθά
793 1915 891 1978 φησιν
921 1888 1055 1974 άμίγας
1076 1888 1308 1975 Ἐπιφάνιος,ν

267 1990 389 2077 ράίοξά
409 2017 479 2058 τινα
499 1990 763 2080 προῳκονόμησαν
785 1994 943 2074 γίνεσθαι.
965 1987 1109 2078 ήφάσκα
1129 1986 1262 2072 θνήσκει
1281 1989 1308 2073 ή,

268 2116 329 2175 ρας
357 2090 613 2177 τεσσαράκοντα,
639 2090 694 2155 καί
716 2087 809 2155 πάλιν
830 2091 1007 2155 α’νίσταται.
1056 2087 1073 2154 ὅ
1109 2085 1210 2170 μύωψ
1230 2087 1308 2170 θνήσ

269 2193 371 2272 μήνας
393 2192 442 2272 ἓξ,
473 2189 528 2254 καί
557 2189 653 2254 πάλιν
674 2192 845 2254 coematur.
888 2187 1030 2275 άφοῖνιξ
1051 2183 1068 2251 ὅ
1088 2181 1308 2272 Ἀραβικὸςάρ

270 2291 394 2378 λέγεται
414 2283 497 2353 εἶναι
517 2286 704 2370 μονογενής,
726 2278 843 2369 ἄζυγος
858 2287 893 2352 ἐν
912 2291 952 2374 τῇ
973 2289 1181 2374 δημιουργίᾳ,
1205 2285 1283 2353 κατά
1305 2330 1308 2347 .

271 2383 464 2452 πεντακόσια
495 2390 599 2480 rorico,
619 2383 737 2469 πάσχει
764 2381 784 2450 ά
804 2389 859 2452 καί
880 2380 1022 2473 φαιδρὰν
1044 2390 1179 2472 προῖσῐά
1198 2384 1259 2473 τήν
1282 2387 1308 2453 αλ

347 2565 388 2621 19.
412 2550 493 2627 ὄρνις
510 2550 542 2612 ts
561 2552 606 2609 l.?

345 2734 442 2790 Mirum
459 2733 545 2788 videri
562 2751 617 2788 non
635 2734 720 2790 debet
736 2752 790 2789 una
816 2752 875 2789 cum
890 2738 1062 2789 incrementis
1079 2753 1111 2789 ac
1129 2736 1308 2790 dominationi

277 2809 359 2858 lunas
383 2813 445 2859 aera
468 2822 578 2927 ηυορυε
602 2807 717 2871 mutari,
746 2807 856 2877 quondo
884 2808 1024 2861 nonnullis
1050 2808 1079 2860 in
1106 2808 1271 2859 animalibus
1290 2810 1308 2860 iv

277 2878 422 2928 usuvenire
439 2877 465 2929 vi
488 2894 570 2929 emus.
597 2894 659 2928 nam
681 2877 794 2930 tradunt
818 2878 884 2930 ibim
911 2878 988 2930 coelo
1007 2879 1072 2929 luna
1091 2888 1200 2930 carente
1218 2879 1308 2930 uihil=

194 3002 196 3006 ⁸
277 2963 344 2998 nere
374 2945 422 2999 aed
452 2949 546 3000 oculos
566 2947 668 2999 habere
685 2948 808 3011 clausos,
828 2965 880 3000 nec
904 2948 973 3000 cibis
998 2950 1063 3000 ullis
1090 2950 1139 3001 uti.
1158 2958 1186 3001 et
1205 2949 1308 3020 quiden

279 3018 366 3079 simio,
384 3033 465 3085 quem
486 3034 626 3087 cercopem
642 3027 754 3084 vocant,
772 3020 927 3071 effectiones
944 3019 994 3070 hae
1013 3020 1042 3071 in
1060 3028 1137 3089 parte
1149 3027 1213 3071 sunt
1232 3021 1308 3073 illust

281 3103 340 3139 res:
359 3103 420 3138 narn
447 3104 507 3139 cum
528 3090 648 3157 augescit
669 3090 749 3153 luna,
769 3089 907 3141 oculorum
933 3090 1006 3141 orbis
1025 3090 1051 3141 ei
1070 3089 1218 3153 dilatatur,
1236 3108 1297 3142 cum

280 3157 432 3220 minuitur,
459 3165 487 3210 et
518 3159 577 3228 ipse
603 3159 781 3212 contrahitur.
804 3161 957 3229 quinetiam
980 3161 1096 3212 mustela
1120 3159 1264 3212 deficiente
1284 3162 1308 3213 lu

280 3228 384 3278 lumine
402 3227 478 3278 iecur
494 3228 617 3280 imminui
634 3231 732 3294 sentit3
761 3229 909 3300 cademque
928 3248 1031 3283 rursum
1051 3239 1201 3294 crescente,
1219 3231 1307 3283 memb

281 3296 355 3349 idem
384 3297 506 3348 vicissim·
529 3309 651 3368 nugetur.
696 3299 822 3353 erhibcnt
847 3303 929 3353 etiam
947 3302 976 3354 in
992 3300 1119 3370 Hydaspe
1146 3302 1230 3354 fluvio
1248 3303 1308 3372 lapi

280 3367 417 3438 quendam
435 3369 508 3419 nasci
525 3385 606 3438 quern
628 3318 748 3423 lsicfinen
763 3380 871 3425 vocant:
891 3373 915 3424 is
936 3381 1097 3442 augescente
1110 3373 1174 3423 luna
1189 3389 1287 3425 sonum
1306 3398 1308 3418 ι

278 3442 319 3491 cis
344 3448 438 3491 cantus
457 3436 540 3490 eriere
559 3440 653 3492 fertur.
681 3442 843 3494 influmine
892 3441 989 3494 nodam
1007 3443 1110 3494 Celtico
1129 3443 1231 3512 piscem
1252 3446 1308 3495 exis

278 3509 407 3573 tradunt,
431 3511 480 3580 qui
501 3510 536 3561 ab
554 3511 652 3564 incolis
669 3512 776 3581 Clopias
796 3460 964 3582 appelietur:
988 3513 1011 3564 is
1036 3513 1101 3564 luna
1125 3521 1264 3566 crescente
1292 3531 1307 3565 a

280 3583 348 3644 scit,
367 3581 509 3633 deminuta
533 3582 656 3650 nigricat.
675 3591 758 3653 atque
784 3581 852 3636 haec
872 3582 980 3654 quidem
1010 3584 1089 3634 etiam
1109 3584 1181 3635 libro
1199 3602 1249 3636 suo
1269 3585 1305 3636 de

280 3653 429 3719 primorum
457 3652 492 3704 ab
525 3662 587 3705 ortu
611 3653 708 3705 mundi
732 3652 837 3706 dierum
861 3655 977 3727 opificiis
1000 3670 1112 3723 magnus
1134 3655 1292 3708 Anastasius

282 3722 437 3791 complexus
459 3730 508 3776 est.

354 3792 496 3846 Caeterum
521 3801 631 3863 praeter
657 3793 721 3846 illos
740 3811 850 3866 quoqne
869 3795 917 3864 qui
935 3794 1157 3846 resurrectionem
1176 3795 1296 3847 suturam

281 3860 398 3914 credunt
420 3864 465 3915 vel
487 3867 580 3934 potius
605 3883 663 3917 eam
680 3863 809 3929 irrident,
832 3873 864 3917 ut
880 3866 992 3917 eximius
1017 3865 1183 3917 illexnosser
1202 3865 1307 3950 Epipha

283 3932 336 3990 ait,
354 3932 526 3985 admirabilia
544 3937 677 4006 quaedam
695 3945 725 3989 et
750 3954 820 3989 nova
838 3937 906 3987 deus
925 3936 967 3986 uti
988 3934 1085 3986 fierent
1105 3937 1220 3987 consilio
1240 3954 1308 4005 srngv

283 4001 410 4053 instituit.
429 4002 560 4072 plrascusa
571 4007 634 4058 dies
655 4007 701 4059 xt
726 4015 832 4060 mortua
856 4005 997 4058 reviviscit
1016 4021 1109 4076 myope
1128 4008 1183 4059 sive
1203 4008 1308 4059 tabenuv

282 4079 355 4122 totos
379 4089 485 4124 menses
511 4085 632 4132 mortuus
658 4079 743 4130 vitam
776 4083 923 4146 recuperat
949 4075 1148 4145 phoenixevis
1171 4087 1213 4129 est
1238 4077 1308 4129 Arab

284 4158 354 4212 quae
373 4150 401 4197 st
417 4144 534 4211 unigena
564 4155 591 4198 ct
609 4147 739 4218 temperis
760 4163 855 4217 expers
877 4146 963 4199 fertur
980 4148 1009 4200 in
1027 4149 1164 4202 creatione
1181 4165 1268 4201 rerum
1287 4166 1308 4202 e:
