2692 4784
360 261 572 357 sununs
601 292 702 355 raus
735 294 787 354 su.
1018 271 1101 360 563

10 444 132 528 γοῦντί
147 462 222 506 ποτε
242 439 322 506 κατὰ
342 443 398 529 τὴν
417 439 558 528 μεγόλην
585 448 728 527 πέμπτην
747 441 765 507 ό
786 440 957 528 ἱπποκόμος
973 453 1103 531 ἐπιστὰς
1113 464 1139 518 Ρ.
1153 465 1202 521 30³

12 542 126 627 ἔλεγεν
145 542 188 618 τός
209 532 272 623 ἄρα
292 551 436 607 τετοκυῖα
458 539 508 628 εἴη
530 544 681 628 έιτίσημος
694 541 837 629 'proprisio
877 543 945 612 ὅδ’
962 549 1026 615 όιιό
1047 575 1104 617 πε·

14 643 188 725 ριχαρείας
211 637 247 704 τό
281 642 336 724 τῆς
366 645 459 718 &aree
491 639 687 723 λειτουργίας
714 639 891 709 ὑπόλοιπον
918 644 963 721 ιός
990 646 1105 733 ἔτυχεν

16 735 255 823 ἀποπληρώσας
262 785 273 818 ,
306 741 458 822 δρομαῖος
477 740 656 825 ἀφικνεῖται
675 737 756 826 πρός
776 738 812 805 τό
835 745 1025 829 Κοσμίόιον,
1039 753 1106 815 .καί

16 836 73 904 τόν
102 837 256 920 τεχθέντα
285 838 390 902 πῶλον
421 833 571 924 ἑωρακώς
601 838 697 902 πόλιν
725 839 924 926 ὑπέστρεψε,
954 845 1013 930 την
1040 852 1105 913 τῶν

16 933 121 1020 ἇγίων
149 939 265 1001 παθόν
292 938 463 1003 έκτελέσων
491 935 663 1026 όμνριόιαν.
712 936 864 1021 βιοτεύων
884 934 943 1006 siv
960 943 1105 1023 ότόκτως
1202 946 1203 949 '

16 1036 235 1120 καταστρέφει
268 1034 326 1100 τόν
353 1037 426 1118 βίον
451 1032 485 1102 ἕν
503 1059 564 1103 τινι
596 1034 698 1119 τείχει
729 1037 793 1102 τεόν
820 1044 1104 1127 παραθαλαττιων,

16 1137 199 1218 θρουσθεός
224 1130 435 1216 ἱππαζόμενος
464 1137 521 1199 κατ’
539 1126 621 1216 αἷμα
652 1131 705 1199 tasi
727 1139 786 1200 τοῦ
805 1133 959 1218 στόματος
982 1143 1104 1226 οἷναγιι.

16 1231 103 1318 γαόν·
159 1233 306 1298 έντεόθιν
336 1230 399 1316 γόρ
429 1235 522 1298 όυσόν
550 1232 633 1326 ἔτεσι
661 1234 904 1320 νοσηλευόμενος
923 1241 980 1306 καί
997 1240 1103 1331 όόέρῳ

9 1330 201 1417 ,περιπεσών
221 1329 439 1414 έτελεότησεν,
469 1333 619 1414 εόνοῦχος
648 1325 695 1396 eis
724 1331 781 1398 rui
805 1332 860 1421 τός
881 1334 1132 1423 Ῥουφινιανόςυ

18 1428 246 1514 οἰκοδομήσας,
271 1428 315 1507 ὥς
332 1435 516 1517 γέγραπται.
569 1433 805 1518 προχειρίζεται
824 1439 901 1516 γοῦν
919 1438 983 1502 ἀντ’
1004 1440 1105 1505 aaron

15 1534 124 1611 τίιαος
155 1529 253 1613 ἀνήρ,
274 1528 478 1606 Πολύευκτος
508 1524 663 1613 τοόνομα,
685 1530 826 1615 μοναχός
853 1527 898 1599 τόν
918 1535 974 1600 καὶ
992 1540 1107 1603 παιόό·

15 1634 80 1695 θεν
100 1624 162 1692 όπό
182 1629 299 1712 γονέων
318 1628 555 1711 εόνουχισθείς,
585 1631 624 1693 osi
644 1630 704 1694 τοό
720 1630 929 1716 Ἡρακλείας,
950 1634 994 1712 ὥς
1013 1634 1106 1721 ἔθος,

17 1724 106 1793 etat
123 1729 297 1795 Βασιλείου
316 1731 375 1793 τοό
388 1731 588 1812 Καισαρείας
606 1725 663 1812 τὴν
686 1731 890 1815 χειροθεσίαν
907 1735 1109 1819 πεπληρωκό-

18 1848 96 1902 τος·
147 1823 331 1911 Νικηφόρος
349 1824 412 1911 γόρ
435 1825 452 1890 ό
473 1831 527 1911 τῆς
546 1821 733 1911 Ἡρακλείας
753 1825 925 1915 πρόεδρος,
951 1836 1108 1919 sapificet.

16 1934 76 1993 lei*
90 1925 170 1991 κοιτό
191 1949 224 1990 τι
242 1925 522 2011 προσκεκρουκώς,
542 1926 581 1990 orl
600 1922 810 2011 συνεχωρήθη
828 1927 885 2012 τη“ν
904 1936 1109 2015 χειροθεσιλιν

15 2022 227 2109 ποιήσασθαι.
277 2018 354 2090 ὅθεν
377 2024 433 2090 κατ’
450 2023 550 2108 ψόγος
581 2025 645 2105 οόχ
678 2023 698 2086 ό
730 2022 839 2107 τυχοόν
856 2033 1054 2114 προσετρίβη
1068 2033 1109 2095 osi

16 2127 65 2211 aqi
84 2126 298 2208 προτρέψαντι
332 2125 388 2188 κατ’
414 2126 672 2208 χειροτονήσοντι
698 2120 811 2205 μόνον,
844 2124 926 2191 α’λλό
946 2131 1002 2194 κατ’
1019 2133 1110 2218 ου’τηλ

18 2225 69 2310 τῷ
93 2225 348 2307 χειροτονηθέντι
369 2219 414 2298 οός
435 2223 674 2310 καταδεξαμένῳ
702 2218 760 2306 τήν
778 2220 984 2291 α’κανόνιστον
1000 2249 1109 2313 χειρο-

9 2323 153 2388 νθευίαν.

106 2418 268 2502 Ῥωμανός
296 2422 332 2485 δέ
357 2415 376 2483 ό
395 2422 454 2487 τοό
472 2421 628 2504 βασιλέως
649 2422 889 2488 Κωνσιαντίνοο
908 2420 979 2503 υἱός
998 2431 1140 2499 selenc

20 2694 154 2749 nimirum
172 2707 205 2745 eo
222 2708 296 2745 sacra
321 2700 467 2762 peragente
490 2692 636 2765 aliquando
661 2709 773 2762 magnae
801 2695 913 2764 quintae
944 2696 1028 2749 serias
1052 2697 1114 2763 die,

19 2772 178 2819 curatorem
206 2779 334 2834 equorum
353 2765 512 2828 accessisse,
537 2781 569 2815 ac
587 2766 749 2832 significasse
767 2765 963 2818 nobilissimam
982 2783 1112 2837 equarum

42 2835 173 2905 eperiese.
189 2843 245 2887 tum
262 2835 339 2885 illum
356 2851 421 2903 prae
441 2836 525 2886 nimio
542 2834 639 2903 gaudio
660 2852 688 2886 re
705 2852 778 2886 sacra
796 2845 933 2905 utcunque
951 2847 1058 2906 peracta
1076 2839 1112 2890 ad

19 2854 193 2959 germinium
223 2906 383 2969 cucurrisse,
405 2905 518 2975 visoque
548 2905 626 2976 pullo
654 2921 746 2957 recens
773 2906 864 2970 edito,
891 2924 953 2959 mox
978 2924 1112 2961 reversum

20 2993 104 3039 esse,
123 2984 154 3027 ut
171 2975 205 3026 cle
229 2977 371 3027 servatoris
395 2977 480 3027 nostri
498 2992 547 3045 pro
567 2975 780 3028 nobistolerato
800 2976 934 3046 supplicio
951 2976 1112 3044 hymnorum

20 3047 214 3100 recitationem
233 3045 365 3097 adfinem
382 3046 548 3115 perduceret
565 3046 658 3116 itaque
674 3049 756 3098 vitam
769 3048 931 3100 insolentem
951 3065 1032 3116 agens
1051 3059 1113 3101 tan·
1162 3102 1166 3107 ,

22 3120 91 3172 elem
109 3126 229 3168 mortuus
256 3125 298 3170 eet
321 3118 350 3168 in
374 3116 485 3167 castello
504 3116 621 3186 quodam
647 3118 798 3180 maritimo,
818 3135 878 3169 curn
897 3119 968 3169 inter
986 3121 1113 3189 equitan-

23 3190 93 3242 dum
111 3187 215 3257 aliquid
233 3187 326 3239 damni
343 3188 490 3256 accepisset
507 3204 538 3238 ec
555 3203 605 3256 per
623 3203 652 3239 os
669 3189 824 3257 sanguinem
842 3190 961 3241 eliceret.
980 3207 1042 3241 num
1063 3191 1112 3242 ubi

20 3261 81 3313 hoc
99 3258 153 3327 ipsi
169 3258 324 3320 accidisset,
344 3265 430 3309 totum
447 3258 587 3309 biennium
605 3274 666 3309 cuna
691 3259 787 3310 morbo
805 3259 974 3311 conflictatus
992 3266 1020 3312 et
1039 3277 1111 3330 aqua

19 3334 162 3384 intercute
180 3336 317 3397 correptus
336 3327 445 3380 vivendi
465 3329 546 3380 linem
559 3328 631 3380 lecit.
649 3337 706 3381 erat
728 3338 817 3380 autem
836 3330 991 3393 eunuchus,
1009 3338 1037 3383 et
1055 3333 1110 3382 liu.

21 3401 160 3461 finiauns,
178 3416 226 3451 ceu
239 3400 383 3451 memoriae
397 3398 533 3467 proditum
551 3398 673 3466 legimus,
692 3399 858 3461 condiderat.
878 3399 1039 3452 substitutus
1056 3402 1110 3454 luit

21 3477 58 3527 in
77 3472 161 3542 ipsius
179 3470 267 3524 locum
285 3470 326 3521 vir
344 3470 454 3522 omnino
476 3468 662 3530 venamudus‚
686 3471 795 3522 nomine
820 3470 996 3536 Polyeuctus,
1014 3472 1108 3523 solita-

20 3545 86 3598 riae
102 3540 174 3593 ritae
189 3547 305 3593 rectator
323 3547 353 3593 et
367 3539 432 3591 inde
449 3555 536 3610 usque
555 3557 570 3590 a
594 3556 678 3609 puero
697 3540 730 3592 de
748 3549 888 3610 pareutum
905 3542 1046 3592 uoluntate
1064 3559 1110 3594 ca·

20 3621 137 3669 stratus.
162 3628 252 3681 neque
271 3626 335 3662 vero
357 3611 469 3662 antistes
495 3610 674 3661 Heracliensis
702 3612 790 3679 ipsum
807 3629 856 3681 pro
884 3627 958 3662 more
977 3612 1109 3664 maiorum

17 3680 227 3751 inaugurabat,
247 3681 296 3734 sed
314 3681 460 3733 Caesareae
482 3680 606 3751 pontifex
619 3681 746 3732 Basilius:
765 3699 827 3732 nam
842 3697 951 3752 praeses
963 3682 1110 3734 Heracleae

19 3751 197 3829 Nieeffloras
217 3751 333 3823 quadarn
353 3753 382 3805 iu
402 3767 480 3803 causa
500 3751 687 3820 imperatorem
705 3752 862 3816 offenderat,
880 3752 998 3821 ideoque
1015 3771 1110 3806 manus

20 3830 169 3894 imponere
196 3824 340 3890 Polyeucto
367 3822 518 3900 retplratur.
547 3820 611 3872 hinc
628 3821 728 3874 iactum
747 3831 778 3874 ut
796 3840 852 3875 non
870 3831 976 3875 tontum
994 3825 1110 3892 impera-

19 3907 88 3957 tor,
107 3895 154 3962 qui
173 3894 236 3946 lacti
253 3893 335 3945 huius
352 3902 445 3946 auctor
462 3892 564 3955 luerat,
587 3901 616 3944 at
632 3893 764 3957 Basilius,
786 3896 833 3962 qui
852 3895 1040 3963 obtemperans
1059 3895 1111 3946 im-

18 3965 148 4041 peratori
176 3964 354 4032 patriarcham
378 3971 592 4026 consecraverat,
612 3962 662 4013 sed
682 3963 763 4015 etiam
781 3964 870 4033 isqui
891 3965 1109 4029 consecrabatur,

19 4037 110 4093 valde
126 4034 182 4086 vitu
203 4045 338 4096 araretur,
364 4032 536 4103 quodmodo
555 4041 584 4084 et
610 4033 712 4085 ratione
730 4051 746 4082 a
763 4050 897 4086 sacrorum
915 4052 1048 4089 canonum
1065 4037 1110 4089 ln-

20 4106 133 4166 stitutis
151 4053 306 4158 abllorrentl
326 4121 451 4156 manuum
471 4104 669 4173 impositionem
689 4112 846 4156 consecutus
868 4105 970 4157 suisset.

101 4177 169 4230 Cum
187 4184 277 4242 autern
294 4177 428 4230 Romanus
446 4175 619 4265 Constantini
641 4174 808 4245 imperatoris
828 4175 899 4228 iilius
916 4184 1031 4230 aetatem
1046 4191 1111 4246 per·
