<?xml version="1.0" encoding="UTF-8"?>
<!DOCTYPE html PUBLIC "-//W3C//DTD XHTML 1.0 Transitional//EN"
    "http://www.w3.org/TR/xhtml1/DTD/xhtml1-transitional.dtd">
<html xmlns="http://www.w3.org/1999/xhtml" xml:lang="en" lang="en">
 <head>
  <title>
</title>
<meta http-equiv="Content-Type" content="text/html;charset=utf-8" />
  <meta name='ocr-system' content='tesseract 3.04.00' />
  <meta name='ocr-capabilities' content='ocr_page ocr_carea ocr_par ocr_line ocrx_word'/>
</head>
<body>
  <div class='ocr_page' id='page_1' title='image "./michaelisglycae00glycgoog/michaelisglycae00glycgoog_0512.png"; bbox 0 0 2692 4784; ppageno 0'>
   <div class='ocr_carea' id='block_1_1' title="bbox 390 241 1128 352">
    <p class='ocr_par' dir='ltr' id='par_1_1' title="bbox 390 241 1128 352">
     <span class='ocr_line' id='line_1_1' title="bbox 390 241 1128 352; baseline -0.008 -18"><span class='ocrx_word' id='word_1_1' title='bbox 390 268 600 334; x_wconf 74' lang='lat' dir='ltr'><strong>auusuuu</strong></span> <span class='ocrx_word' id='word_1_2' title='bbox 629 268 731 334; x_wconf 74' lang='lat' dir='ltr'><strong>esus</strong></span> <span class='ocrx_word' id='word_1_3' title='bbox 761 270 816 332; x_wconf 80' lang='lat' dir='ltr'><strong>tv.</strong></span> <span class='ocrx_word' id='word_1_4' title='bbox 1040 241 1128 352; x_wconf 72' lang='lat'><strong>489</strong></span> 
     </span>
    </p>
   </div>
   <div class='ocr_carea' id='block_1_2' title="bbox 18 414 1234 2386">
    <p class='ocr_par' dir='ltr' id='par_1_2' title="bbox 44 414 1142 606">
     <span class='ocr_line' id='line_1_2' title="bbox 44 414 1142 510; baseline -0.002 -24"><span class='ocrx_word' id='word_1_5' title='bbox 44 427 119 498; x_wconf 89' lang='grc' dir='ltr'><strong><em>λιος</em></strong></span> <span class='ocrx_word' id='word_1_6' title='bbox 148 414 360 502; x_wconf 73' lang='grc' dir='ltr'><strong><em>συμβουλεύει</em></strong></span> <span class='ocrx_word' id='word_1_7' title='bbox 389 421 549 505; x_wconf 83' lang='grc' dir='ltr'><strong><em>γραφῆναι</em></strong></span> <span class='ocrx_word' id='word_1_8' title='bbox 580 417 656 486; x_wconf 81' lang='grc' dir='ltr'><strong><em>δυσέ</em></strong></span> <span class='ocrx_word' id='word_1_9' title='bbox 688 415 825 504; x_wconf 83' lang='grc' dir='ltr'><strong><em>χάρταις</em></strong></span> <span class='ocrx_word' id='word_1_10' title='bbox 859 418 914 486; x_wconf 72' lang='grc' dir='ltr'><strong>καὶ</strong></span> <span class='ocrx_word' id='word_1_11' title='bbox 940 421 1142 510; x_wconf 71' lang='grc' dir='ltr'><strong><em>ἀμφοτέροιν</em></strong></span> 
     </span>
     <span class='ocr_line' id='line_1_3' title="bbox 46 515 1129 606; baseline -0.002 -22"><span class='ocrx_word' id='word_1_12' title='bbox 46 522 118 599; x_wconf 69' lang='grc' dir='ltr'><strong>τῶν</strong></span> <span class='ocrx_word' id='word_1_13' title='bbox 136 525 242 602; x_wconf 80' lang='grc' dir='ltr'><em>μερῶν</em></span> <span class='ocrx_word' id='word_1_14' title='bbox 262 515 300 582; x_wconf 84' lang='grc' dir='ltr'><strong>τά</strong></span> <span class='ocrx_word' id='word_1_15' title='bbox 323 516 475 600; x_wconf 87' lang='grc' dir='ltr'><strong><em>δόγματα,</em></strong></span> <span class='ocrx_word' id='word_1_16' title='bbox 496 521 551 582; x_wconf 72' lang='grc' dir='ltr'><strong>κατ’</strong></span> <span class='ocrx_word' id='word_1_17' title='bbox 568 523 607 605; x_wconf 78' lang='grc' dir='ltr'><strong>τῇ</strong></span> <span class='ocrx_word' id='word_1_18' title='bbox 625 518 760 604; x_wconf 65' lang='grc' dir='ltr'><strong><em>,λάρνακι</em></strong></span> <span class='ocrx_word' id='word_1_19' title='bbox 776 521 830 602; x_wconf 86' lang='grc' dir='ltr'><strong>τῆς</strong></span> <span class='ocrx_word' id='word_1_20' title='bbox 853 521 1129 606; x_wconf 86' lang='grc' dir='ltr'><strong><em>μεγαλομάρτυρος</em></strong></span> 
     </span>
    </p>

    <p class='ocr_par' dir='ltr' id='par_1_3' title="bbox 48 605 1128 706">
     <span class='ocr_line' id='line_1_4' title="bbox 48 605 1128 706; baseline 0 -20"><span class='ocrx_word' id='word_1_21' title='bbox 48 619 225 704; x_wconf 77' lang='grc' dir='ltr'><strong><em>Εὕφημέας</em></strong></span> <span class='ocrx_word' id='word_1_22' title='bbox 254 620 472 702; x_wconf 73' lang='grc' dir='ltr'><strong><em>ἐμβληθῆναι,</em></strong></span> <span class='ocrx_word' id='word_1_23' title='bbox 502 616 557 682; x_wconf 85' lang='grc' dir='ltr'><strong><em>καί</em></strong></span> <span class='ocrx_word' id='word_1_24' title='bbox 574 616 656 682; x_wconf 78' lang='grc' dir='ltr'><strong><em>οὗτοι</em></strong></span> <span class='ocrx_word' id='word_1_25' title='bbox 677 621 859 703; x_wconf 67' lang='grc' dir='ltr'><strong><em>δηλωθῆναι</em></strong></span> <span class='ocrx_word' id='word_1_26' title='bbox 879 619 937 706; x_wconf 76' lang='grc' dir='ltr'><strong>τὴν</strong></span> <span class='ocrx_word' id='word_1_27' title='bbox 965 605 1128 706; x_wconf 55' lang='lat' dir='ltr'><strong>ditasses</strong></span> 
     </span>
    </p>

    <p class='ocr_par' dir='ltr' id='par_1_4' title="bbox 18 713 1164 902">
     <span class='ocr_line' id='line_1_5' title="bbox 49 713 1164 815; baseline 0.005 -34"><span class='ocrx_word' id='word_1_28' title='bbox 49 719 172 815; x_wconf 77' lang='grc' dir='ltr'><strong><em>γίνεται</em></strong></span> <span class='ocrx_word' id='word_1_29' title='bbox 193 720 312 797; x_wconf 79' lang='grc' dir='ltr'><strong><em>ταῦτα,</em></strong></span> <span class='ocrx_word' id='word_1_30' title='bbox 339 715 394 781; x_wconf 80' lang='grc' dir='ltr'>καί</span> <span class='ocrx_word' id='word_1_31' title='bbox 418 720 533 798; x_wconf 72' lang='grc' dir='ltr'><strong><em>θαῦμα</em></strong></span> <span class='ocrx_word' id='word_1_32' title='bbox 553 713 794 802; x_wconf 76' lang='grc' dir='ltr'><strong><em>παράδοξουνῆν</em></strong></span> <span class='ocrx_word' id='word_1_33' title='bbox 813 722 912 787; x_wconf 78' lang='grc' dir='ltr'><strong><em>ι’δεῖν·</em></strong></span> <span class='ocrx_word' id='word_1_34' title='bbox 946 718 1043 804; x_wconf 77' lang='grc' dir='ltr'><strong><em>’παρά</em></strong></span> <span class='ocrx_word' id='word_1_35' title='bbox 1068 718 1164 803; x_wconf 83' lang='grc' dir='ltr'><strong><em>γάρῠ</em></strong></span> 
     </span>
     <span class='ocr_line' id='line_1_6' title="bbox 18 814 1132 902; baseline 0 -19"><span class='ocrx_word' id='word_1_36' title='bbox 18 815 126 891; x_wconf 65' lang='lat' dir='ltr'><strong>broie</strong></span> <span class='ocrx_word' id='word_1_37' title='bbox 159 814 256 890; x_wconf 83' lang='grc' dir='ltr'><strong><em>ιιόδας</em></strong></span> <span class='ocrx_word' id='word_1_38' title='bbox 289 816 343 898; x_wconf 80' lang='grc' dir='ltr'><strong>τῆς</strong></span> <span class='ocrx_word' id='word_1_39' title='bbox 371 814 464 897; x_wconf 82' lang='grc' dir='ltr'><strong><em>άγέας</em></strong></span> <span class='ocrx_word' id='word_1_40' title='bbox 489 817 680 898; x_wconf 80' lang='grc' dir='ltr'><strong><em>ἐρριμμένος</em></strong></span> <span class='ocrx_word' id='word_1_41' title='bbox 711 815 828 902; x_wconf 70' lang='grc' dir='ltr'><strong><em>εὑρέθη</em></strong></span> <span class='ocrx_word' id='word_1_42' title='bbox 867 818 884 882; x_wconf 85' lang='grc' dir='ltr'><strong><em>ά</em></strong></span> <span class='ocrx_word' id='word_1_43' title='bbox 913 822 976 884; x_wconf 76' lang='grc' dir='ltr'><strong><em>τοῖν</em></strong></span> <span class='ocrx_word' id='word_1_44' title='bbox 1013 818 1132 883; x_wconf 66' lang='lat' dir='ltr'><strong>ansts-</strong></span> 
     </span>
    </p>

    <p class='ocr_par' dir='ltr' id='par_1_5' title="bbox 49 909 1134 1005">
     <span class='ocr_line' id='line_1_7' title="bbox 49 909 1134 1005; baseline 0 -25"><span class='ocrx_word' id='word_1_45' title='bbox 49 912 189 980; x_wconf 82' lang='grc' dir='ltr'><strong><em>κοάντοον</em></strong></span> <span class='ocrx_word' id='word_1_46' title='bbox 218 916 258 1002; x_wconf 77' lang='grc' dir='ltr'><strong>τῇ</strong></span> <span class='ocrx_word' id='word_1_47' title='bbox 286 909 423 1003; x_wconf 55' lang='lat' dir='ltr'><strong>diffusis</strong></span> <span class='ocrx_word' id='word_1_48' title='bbox 450 913 592 1000; x_wconf 86' lang='grc' dir='ltr'><strong><em>χάρτης,</em></strong></span> <span class='ocrx_word' id='word_1_49' title='bbox 623 913 640 977; x_wconf 88' lang='lat' dir='ltr'><strong>o‘</strong></span> <span class='ocrx_word' id='word_1_50' title='bbox 672 917 707 980; x_wconf 80' lang='lat' dir='ltr'><strong>di</strong></span> <span class='ocrx_word' id='word_1_51' title='bbox 735 919 840 1003; x_wconf 82' lang='grc' dir='ltr'><strong><em>ἕτερος</em></strong></span> <span class='ocrx_word' id='word_1_52' title='bbox 860 916 955 1005; x_wconf 69' lang='grc' dir='ltr'><strong><em>μιαρά</em></strong></span> <span class='ocrx_word' id='word_1_53' title='bbox 982 920 1021 1005; x_wconf 63' lang='grc' dir='ltr'><strong>(ᾗ</strong></span> <span class='ocrx_word' id='word_1_54' title='bbox 1047 918 1134 1002; x_wconf 76' lang='grc' dir='ltr'><strong><em>χειρὶ</em></strong></span> 
     </span>
    </p>

    <p class='ocr_par' dir='ltr' id='par_1_6' title="bbox 50 1016 1034 1098">
     <span class='ocr_line' id='line_1_8' title="bbox 50 1016 1034 1098; baseline 0.001 -19"><span class='ocrx_word' id='word_1_55' title='bbox 50 1016 162 1098; x_wconf 65' lang='grc' dir='ltr'><strong><em>αὐτῆς.</em></strong></span> <span class='ocrx_word' id='word_1_56' title='bbox 1031 1050 1034 1054; x_wconf 61' lang='grc'><strong><em>’</em></strong></span> 
     </span>
    </p>

    <p class='ocr_par' dir='ltr' id='par_1_7' title="bbox 50 1109 1234 1300">
     <span class='ocr_line' id='line_1_9' title="bbox 131 1109 1132 1198; baseline 0.001 -21"><span class='ocrx_word' id='word_1_57' title='bbox 131 1111 200 1178; x_wconf 82' lang='grc' dir='ltr'><strong>Ἔτιί</strong></span> <span class='ocrx_word' id='word_1_58' title='bbox 217 1112 323 1193; x_wconf 85' lang='grc' dir='ltr'><strong><em>μέντοι</em></strong></span> <span class='ocrx_word' id='word_1_59' title='bbox 347 1109 458 1176; x_wconf 78' lang='grc' dir='ltr'><strong><em>τούτου</em></strong></span> <span class='ocrx_word' id='word_1_60' title='bbox 479 1113 537 1175; x_wconf 76' lang='grc' dir='ltr'><strong>τοῦ</strong></span> <span class='ocrx_word' id='word_1_61' title='bbox 556 1115 752 1196; x_wconf 81' lang='grc' dir='ltr'><strong><em>Μαρκιανοῦ</em></strong></span> <span class='ocrx_word' id='word_1_62' title='bbox 765 1113 821 1179; x_wconf 75' lang='grc' dir='ltr'><strong><em>κατ’</em></strong></span> <span class='ocrx_word' id='word_1_63' title='bbox 840 1113 972 1198; x_wconf 79' lang='grc' dir='ltr'><strong><em>Συμεών</em></strong></span> <span class='ocrx_word' id='word_1_64' title='bbox 995 1113 1013 1177; x_wconf 81' lang='grc' dir='ltr'><em>ὅ</em></span> <span class='ocrx_word' id='word_1_65' title='bbox 1033 1115 1132 1196; x_wconf 84' lang='grc' dir='ltr'><strong><em>μέγας</em></strong></span> 
     </span>
     <span class='ocr_line' id='line_1_10' title="bbox 50 1206 1234 1300; baseline -0.002 -22"><span class='ocrx_word' id='word_1_66' title='bbox 50 1214 150 1295; x_wconf 75' lang='grc' dir='ltr'><strong><em>ἐσέβη</em></strong></span> <span class='ocrx_word' id='word_1_67' title='bbox 182 1214 241 1275; x_wconf 77' lang='grc' dir='ltr'><strong>τοῦ</strong></span> <span class='ocrx_word' id='word_1_68' title='bbox 270 1206 404 1274; x_wconf 82' lang='grc' dir='ltr'><strong><em>στάλαυ·</em></strong></span> <span class='ocrx_word' id='word_1_69' title='bbox 460 1210 666 1294; x_wconf 74' lang='grc' dir='ltr'><strong><em>ἀκοινώνητος</em></strong></span> <span class='ocrx_word' id='word_1_70' title='bbox 695 1211 756 1296; x_wconf 88' lang='grc' dir='ltr'><strong>γάρ</strong></span> <span class='ocrx_word' id='word_1_71' title='bbox 782 1216 882 1300; x_wconf 85' lang='grc' dir='ltr'><strong><em>μέχρι.</em></strong></span> <span class='ocrx_word' id='word_1_72' title='bbox 904 1211 1234 1294; x_wconf 57' lang='lat' dir='ltr'><strong>usitatissimos</strong></span> 
     </span>
    </p>

    <p class='ocr_par' dir='ltr' id='par_1_8' title="bbox 23 1308 1132 1494">
     <span class='ocr_line' id='line_1_11' title="bbox 23 1308 1132 1398; baseline -0.001 -22"><span class='ocrx_word' id='word_1_73' title='bbox 23 1310 108 1377; x_wconf 83' lang='grc' dir='ltr'><strong><em>οδιά</em></strong></span> <span class='ocrx_word' id='word_1_74' title='bbox 130 1309 164 1376; x_wconf 86' lang='grc' dir='ltr'><strong>τὸ</strong></span> <span class='ocrx_word' id='word_1_75' title='bbox 183 1308 344 1395; x_wconf 70' lang='grc' dir='ltr'><strong><em>καταρχιὶν</em></strong></span> <span class='ocrx_word' id='word_1_76' title='bbox 364 1309 511 1395; x_wconf 77' lang='grc' dir='ltr'><strong><em>τοιαύτην</em></strong></span> <span class='ocrx_word' id='word_1_77' title='bbox 532 1313 758 1388; x_wconf 72' lang='grc' dir='ltr'><strong><em>ἐνδείξασθαι·</em></strong></span> <span class='ocrx_word' id='word_1_78' title='bbox 786 1311 911 1385; x_wconf 59' lang='grc' dir='ltr'><strong><em>,πολλοὶ</em></strong></span> <span class='ocrx_word' id='word_1_79' title='bbox 926 1309 989 1398; x_wconf 88' lang='grc' dir='ltr'><strong>γάρ</strong></span> <span class='ocrx_word' id='word_1_80' title='bbox 1003 1309 1033 1376; x_wconf 80' lang='grc' dir='ltr'><strong>οἱ</strong></span> <span class='ocrx_word' id='word_1_81' title='bbox 1050 1334 1132 1394; x_wconf 79' lang='grc' dir='ltr'><strong><em>μεμ-</em></strong></span> 
     </span>
     <span class='ocr_line' id='line_1_12' title="bbox 41 1411 211 1494; baseline -0.012 -18"><span class='ocrx_word' id='word_1_82' title='bbox 41 1411 211 1494; x_wconf 69' lang='grc' dir='ltr'><strong><em>ψέμοιροι.</em></strong></span> 
     </span>
    </p>

    <p class='ocr_par' dir='ltr' id='par_1_9' title="bbox 51 1505 1233 1794">
     <span class='ocr_line' id='line_1_13' title="bbox 137 1505 1131 1594; baseline 0.001 -20"><span class='ocrx_word' id='word_1_83' title='bbox 137 1505 233 1574; x_wconf 82' lang='grc' dir='ltr'><strong><em>Μετά</em></strong></span> <span class='ocrx_word' id='word_1_84' title='bbox 264 1510 298 1573; x_wconf 84' lang='grc' dir='ltr'><strong>δέ</strong></span> <span class='ocrx_word' id='word_1_85' title='bbox 330 1507 521 1594; x_wconf 79' lang='grc' dir='ltr'><strong><em>Μαρκιανάν</em></strong></span> <span class='ocrx_word' id='word_1_86' title='bbox 549 1510 644 1575; x_wconf 85' lang='grc' dir='ltr'><strong><em>Λέων</em></strong></span> <span class='ocrx_word' id='word_1_87' title='bbox 672 1508 805 1594; x_wconf 83' lang='grc' dir='ltr'><strong><em>δμέγας</em></strong></span> <span class='ocrx_word' id='word_1_88' title='bbox 831 1505 946 1594; x_wconf 77' lang='grc' dir='ltr'><strong><em>έτη·ιη’</em></strong></span> <span class='ocrx_word' id='word_1_89' title='bbox 974 1510 1131 1593; x_wconf 75' lang='grc' dir='ltr'><strong><em>κρατήσας</em></strong></span> 
     </span>
     <span class='ocr_line' id='line_1_14' title="bbox 51 1601 1233 1697; baseline -0.003 -22"><span class='ocrx_word' id='word_1_90' title='bbox 51 1609 184 1695; x_wconf 78' lang='grc' dir='ltr'><strong><em>τελευτᾷ</em></strong></span> <span class='ocrx_word' id='word_1_91' title='bbox 205 1604 436 1688; x_wconf 86' lang='grc' dir='ltr'><strong><em>δὐσεντερικός·</em></strong></span> <span class='ocrx_word' id='word_1_92' title='bbox 476 1610 530 1694; x_wconf 77' lang='grc' dir='ltr'><strong>ἐφ’</strong></span> <span class='ocrx_word' id='word_1_93' title='bbox 550 1601 591 1672; x_wconf 75' lang='grc' dir='ltr'><strong>οὗ</strong></span> <span class='ocrx_word' id='word_1_94' title='bbox 610 1619 738 1693; x_wconf 83' lang='grc' dir='ltr'><strong><em>σημεῖον</em></strong></span> <span class='ocrx_word' id='word_1_95' title='bbox 758 1610 860 1696; x_wconf 80' lang='grc' dir='ltr'><strong><em>ἐφάνη</em></strong></span> <span class='ocrx_word' id='word_1_96' title='bbox 882 1611 915 1674; x_wconf 85' lang='grc' dir='ltr'><strong>έν</strong></span> <span class='ocrx_word' id='word_1_97' title='bbox 928 1613 970 1697; x_wconf 77' lang='grc' dir='ltr'><strong>τῷ</strong></span> <span class='ocrx_word' id='word_1_98' title='bbox 991 1610 1233 1696; x_wconf 71' lang='grc' dir='ltr'><strong><em>οδραυῷ,Ρ.ε64</em></strong></span> 
     </span>
     <span class='ocr_line' id='line_1_15' title="bbox 51 1704 1135 1794; baseline 0 -20"><span class='ocrx_word' id='word_1_99' title='bbox 51 1710 168 1794; x_wconf 77' lang='grc' dir='ltr'><strong><em>νεφέλη</em></strong></span> <span class='ocrx_word' id='word_1_100' title='bbox 199 1704 436 1790; x_wconf 73' lang='grc' dir='ltr'><strong><em>σαλπιγγοειδης</em></strong></span> <span class='ocrx_word' id='word_1_101' title='bbox 465 1706 520 1771; x_wconf 82' lang='grc' dir='ltr'><strong>έσέ</strong></span> <span class='ocrx_word' id='word_1_102' title='bbox 546 1706 665 1792; x_wconf 77' lang='grc' dir='ltr'><strong><em>ἡμέρας</em></strong></span> <span class='ocrx_word' id='word_1_103' title='bbox 683 1705 736 1789; x_wconf 79' lang='grc' dir='ltr'><strong>μ’,</strong></span> <span class='ocrx_word' id='word_1_104' title='bbox 765 1709 821 1773; x_wconf 79' lang='grc' dir='ltr'><strong><em>καί</em></strong></span> <span class='ocrx_word' id='word_1_105' title='bbox 844 1707 949 1792; x_wconf 78' lang='grc' dir='ltr'><em>ἔβρεξε</em></span> <span class='ocrx_word' id='word_1_106' title='bbox 968 1706 1081 1776; x_wconf 78' lang='grc' dir='ltr'><strong><em>σποδὸν</em></strong></span> <span class='ocrx_word' id='word_1_107' title='bbox 1101 1712 1135 1774; x_wconf 84' lang='grc' dir='ltr'><strong>έν</strong></span> 
     </span>
    </p>

    <p class='ocr_par' dir='ltr' id='par_1_10' title="bbox 27 1801 1205 2386">
     <span class='ocr_line' id='line_1_16' title="bbox 27 1801 1134 1889; baseline -0.004 -14"><span class='ocrx_word' id='word_1_108' title='bbox 27 1801 406 1886; x_wconf 82' lang='grc' dir='ltr'><strong><em>5Κοσνσταντιυουσόλει,</em></strong></span> <span class='ocrx_word' id='word_1_109' title='bbox 427 1804 591 1889; x_wconf 76' lang='grc' dir='ltr'><strong><em>σπιθαμην</em></strong></span> <span class='ocrx_word' id='word_1_110' title='bbox 620 1803 653 1871; x_wconf 88' lang='grc' dir='ltr'><strong>ιό</strong></span> <span class='ocrx_word' id='word_1_111' title='bbox 677 1807 777 1889; x_wconf 82' lang='grc' dir='ltr'><strong><em>πάχος</em></strong></span> <span class='ocrx_word' id='word_1_112' title='bbox 797 1806 944 1889; x_wconf 80' lang='grc' dir='ltr'><strong><em>ἔχουσαν.</em></strong></span> <span class='ocrx_word' id='word_1_113' title='bbox 984 1812 1038 1871; x_wconf 77' lang='grc' dir='ltr'><strong><em>κατ’</em></strong></span> <span class='ocrx_word' id='word_1_114' title='bbox 1056 1808 1134 1872; x_wconf 84' lang='grc' dir='ltr'><strong><em>σάν-</em></strong></span> 
     </span>
     <span class='ocr_line' id='line_1_17' title="bbox 51 1896 1136 1993; baseline -0.004 -20"><span class='ocrx_word' id='word_1_115' title='bbox 51 1929 104 1981; x_wconf 85' lang='grc' dir='ltr'><strong>τες</strong></span> <span class='ocrx_word' id='word_1_116' title='bbox 121 1904 317 1985; x_wconf 81' lang='grc' dir='ltr'><strong><em>έλιτάνευυν,</em></strong></span> <span class='ocrx_word' id='word_1_117' title='bbox 339 1908 478 1986; x_wconf 85' lang='grc' dir='ltr'><strong><em>λέγοντες</em></strong></span> <span class='ocrx_word' id='word_1_118' title='bbox 495 1898 541 1968; x_wconf 79' lang='grc' dir='ltr'><strong>ὅτι</strong></span> <span class='ocrx_word' id='word_1_119' title='bbox 563 1907 623 1989; x_wconf 78' lang='grc' dir='ltr'><strong>πῦρ</strong></span> <span class='ocrx_word' id='word_1_120' title='bbox 647 1896 759 1989; x_wconf 76' lang='grc' dir='ltr'><strong><em>ἦνκαὶ</em></strong></span> <span class='ocrx_word' id='word_1_121' title='bbox 777 1908 815 1991; x_wconf 74' lang='grc' dir='ltr'><strong>τῇ</strong></span> <span class='ocrx_word' id='word_1_122' title='bbox 838 1907 1060 1993; x_wconf 72' lang='grc' dir='ltr'><strong><em>φιλανθρακέα</em></strong></span> <span class='ocrx_word' id='word_1_123' title='bbox 1077 1903 1136 1969; x_wconf 78' lang='grc' dir='ltr'><strong>τοῦ</strong></span> 
     </span>
     <span class='ocr_line' id='line_1_18' title="bbox 51 2001 1134 2088; baseline -0.001 -21"><span class='ocrx_word' id='word_1_124' title='bbox 51 2005 134 2068; x_wconf 74' lang='grc' dir='ltr'><strong><em>θεοῦ</em></strong></span> <span class='ocrx_word' id='word_1_125' title='bbox 150 2007 297 2087; x_wconf 76' lang='grc' dir='ltr'><strong><em>ἐσβέσθη.</em></strong></span> <span class='ocrx_word' id='word_1_126' title='bbox 345 2001 418 2066; x_wconf 85' lang='grc' dir='ltr'><strong><em>τότε</em></strong></span> <span class='ocrx_word' id='word_1_127' title='bbox 441 2005 495 2066; x_wconf 79' lang='grc' dir='ltr'><strong><em>καί</em></strong></span> <span class='ocrx_word' id='word_1_128' title='bbox 524 2002 647 2086; x_wconf 68' lang='grc' dir='ltr'><strong><em>Δανιὴλ</em></strong></span> <span class='ocrx_word' id='word_1_129' title='bbox 669 2001 685 2068; x_wconf 82' lang='grc' dir='ltr'>ὅ</span> <span class='ocrx_word' id='word_1_130' title='bbox 706 2009 803 2086; x_wconf 80' lang='grc' dir='ltr'><strong><em>μέγας</em></strong></span> <span class='ocrx_word' id='word_1_131' title='bbox 821 2005 916 2088; x_wconf 79' lang='grc' dir='ltr'><strong><em>ἐπέβη</em></strong></span> <span class='ocrx_word' id='word_1_132' title='bbox 936 2008 997 2068; x_wconf 77' lang='grc' dir='ltr'><strong>τοῦ</strong></span> <span class='ocrx_word' id='word_1_133' title='bbox 1016 2003 1134 2068; x_wconf 84' lang='grc' dir='ltr'><strong><em>στάλου</em></strong></span> 
     </span>
     <span class='ocr_line' id='line_1_19' title="bbox 50 2096 1205 2191; baseline -0.003 -23"><span class='ocrx_word' id='word_1_134' title='bbox 50 2105 87 2168; x_wconf 87' lang='grc' dir='ltr'><strong>έν</strong></span> <span class='ocrx_word' id='word_1_135' title='bbox 113 2105 158 2191; x_wconf 74' lang='grc' dir='ltr'><strong>τῷ</strong></span> <span class='ocrx_word' id='word_1_136' title='bbox 189 2100 340 2191; x_wconf 78' lang='grc' dir='ltr'><strong><em>Ἀνάσλρν.</em></strong></span> <span class='ocrx_word' id='word_1_137' title='bbox 394 2096 462 2164; x_wconf 86' lang='grc' dir='ltr'><strong><em>τότε</em></strong></span> <span class='ocrx_word' id='word_1_138' title='bbox 497 2104 554 2165; x_wconf 83' lang='grc' dir='ltr'>καί</span> <span class='ocrx_word' id='word_1_139' title='bbox 579 2101 598 2186; x_wconf 78' lang='grc' dir='ltr'><em>ἦ</em></span> <span class='ocrx_word' id='word_1_140' title='bbox 631 2106 704 2166; x_wconf 72' lang='grc' dir='ltr'><strong><em>θεία</em></strong></span> <span class='ocrx_word' id='word_1_141' title='bbox 732 2101 829 2186; x_wconf 76' lang='grc' dir='ltr'><strong><em>έσθης</em></strong></span> <span class='ocrx_word' id='word_1_142' title='bbox 852 2106 910 2187; x_wconf 76' lang='grc' dir='ltr'><strong>τῆς</strong></span> <span class='ocrx_word' id='word_1_143' title='bbox 936 2106 994 2168; x_wconf 79' lang='grc' dir='ltr'><strong>τοῦ</strong></span> <span class='ocrx_word' id='word_1_144' title='bbox 1024 2107 1134 2185; x_wconf 83' lang='grc' dir='ltr'><strong><em>κυριύυ</em></strong></span> <span class='ocrx_word' id='word_1_145' title='bbox 1204 2100 1205 2103; x_wconf 35' lang='grc'><strong>“</strong></span> 
     </span>
     <span class='ocr_line' id='line_1_20' title="bbox 50 2193 1135 2286; baseline -0.005 -19"><span class='ocrx_word' id='word_1_146' title='bbox 50 2200 173 2286; x_wconf 83' lang='grc' dir='ltr'><strong><em>μητρὸς</em></strong></span> <span class='ocrx_word' id='word_1_147' title='bbox 196 2200 400 2284; x_wconf 80' lang='grc' dir='ltr'><strong><em>άνεκομέσθη.</em></strong></span> <span class='ocrx_word' id='word_1_148' title='bbox 443 2193 574 2276; x_wconf 73' lang='grc' dir='ltr'><strong><em>οὗτοςά</em></strong></span> <span class='ocrx_word' id='word_1_149' title='bbox 603 2204 701 2285; x_wconf 86' lang='grc' dir='ltr'><strong><em>μέγας</em></strong></span> <span class='ocrx_word' id='word_1_150' title='bbox 723 2206 818 2267; x_wconf 83' lang='grc' dir='ltr'><strong><em>Λέων</em></strong></span> <span class='ocrx_word' id='word_1_151' title='bbox 840 2204 982 2266; x_wconf 83' lang='grc' dir='ltr'><strong><em>ἐκέλευσε</em></strong></span> <span class='ocrx_word' id='word_1_152' title='bbox 1001 2200 1058 2275; x_wconf 83' lang='grc' dir='ltr'><strong>τάς</strong></span> <span class='ocrx_word' id='word_1_153' title='bbox 1078 2225 1135 2263; x_wconf 84' lang='grc' dir='ltr'><strong>κυ-</strong></span> 
     </span>
     <span class='ocr_line' id='line_1_21' title="bbox 30 2292 1135 2386; baseline 0 -22"><span class='ocrx_word' id='word_1_154' title='bbox 30 2298 168 2386; x_wconf 81' lang='grc' dir='ltr'><strong><em>ριιικάς</em></strong></span> <span class='ocrx_word' id='word_1_155' title='bbox 194 2294 373 2380; x_wconf 74' lang='grc' dir='ltr'><strong><em>ἀπράκτους</em></strong></span> <span class='ocrx_word' id='word_1_156' title='bbox 401 2292 483 2364; x_wconf 82' lang='grc' dir='ltr'><strong><em>εἶναι</em></strong></span> <span class='ocrx_word' id='word_1_157' title='bbox 522 2304 577 2364; x_wconf 79' lang='grc' dir='ltr'><strong><em>κατ’</em></strong></span> <span class='ocrx_word' id='word_1_158' title='bbox 605 2297 684 2384; x_wconf 76' lang='grc' dir='ltr'><strong><em>μήτε</em></strong></span> <span class='ocrx_word' id='word_1_159' title='bbox 714 2298 841 2365; x_wconf 80' lang='grc' dir='ltr'><strong><em>ἱππικὸν</em></strong></span> <span class='ocrx_word' id='word_1_160' title='bbox 868 2305 1028 2366; x_wconf 73' lang='grc' dir='ltr'><strong><em>τελεῖσθαι</em></strong></span> <span class='ocrx_word' id='word_1_161' title='bbox 1055 2295 1135 2382; x_wconf 66' lang='grc' dir='ltr'><strong><em>μέτε</em></strong></span> 
     </span>
    </p>
   </div>
   <div class='ocr_carea' id='block_1_3' title="bbox 47 2384 1234 2497">
    <p class='ocr_par' dir='ltr' id='par_1_11' title="bbox 47 2384 1234 2497">
     <span class='ocr_line' id='line_1_22' title="bbox 47 2384 1234 2497; baseline -0.003 -32"><span class='ocrx_word' id='word_1_162' title='bbox 47 2395 190 2484; x_wconf 86' lang='grc' dir='ltr'><strong><em>μουσικά</em></strong></span> <span class='ocrx_word' id='word_1_163' title='bbox 221 2398 310 2490; x_wconf 77' lang='grc' dir='ltr'><strong><em>ἠχεῖν</em></strong></span> <span class='ocrx_word' id='word_1_164' title='bbox 341 2389 479 2483; x_wconf 76' lang='grc' dir='ltr'><strong><em>ὄργανα,</em></strong></span> <span class='ocrx_word' id='word_1_165' title='bbox 501 2395 583 2464; x_wconf 86' lang='grc' dir='ltr'><strong><em>άλλά</em></strong></span> <span class='ocrx_word' id='word_1_166' title='bbox 611 2397 732 2479; x_wconf 79' lang='grc' dir='ltr'><strong><em>πάντας</em></strong></span> <span class='ocrx_word' id='word_1_167' title='bbox 750 2408 815 2477; x_wconf 83' lang='grc' dir='ltr'><strong><em>τοῖς</em></strong></span> <span class='ocrx_word' id='word_1_168' title='bbox 835 2403 936 2476; x_wconf 78' lang='grc' dir='ltr'><strong><em>θείοις</em></strong></span> <span class='ocrx_word' id='word_1_169' title='bbox 956 2400 1139 2497; x_wconf 53' lang='grc' dir='ltr'><strong><em>ένασχυλεῖῥ</em></strong></span> <span class='ocrx_word' id='word_1_170' title='bbox 1184 2384 1187 2391; x_wconf 39' lang='lat'>¹</span> <span class='ocrx_word' id='word_1_171' title='bbox 1232 2472 1234 2475; x_wconf 23' lang='lat'>¹</span> 
     </span>
    </p>
   </div>
   <div class='ocr_carea' id='block_1_4' title="bbox 127 2561 647 2639">
    <p class='ocr_par' dir='ltr' id='par_1_12' title="bbox 127 2561 647 2639">
     <span class='ocr_line' id='line_1_23' title="bbox 127 2561 647 2639; baseline -0.012 -18"><span class='ocrx_word' id='word_1_172' title='bbox 127 2583 168 2625; x_wconf 89' lang='grc' dir='ltr'><strong>ια.</strong></span> <span class='ocrx_word' id='word_1_173' title='bbox 185 2568 246 2621; x_wconf 68' lang='grc' dir='ltr'><strong>κατ’</strong></span> <span class='ocrx_word' id='word_1_174' title='bbox 258 2561 352 2639; x_wconf 70' lang='grc' dir='ltr'><strong><em>δρχην</em></strong></span> <span class='ocrx_word' id='word_1_175' title='bbox 367 2567 394 2620; x_wconf 85' lang='grc' dir='ltr'><strong>Ρ.</strong></span> <span class='ocrx_word' id='word_1_176' title='bbox 452 2583 492 2623; x_wconf 80' lang='grc' dir='ltr'><strong>ιο.</strong></span> <span class='ocrx_word' id='word_1_177' title='bbox 510 2565 543 2631; x_wconf 81' lang='grc' dir='ltr'><strong>ιζ’</strong></span> <span class='ocrx_word' id='word_1_178' title='bbox 563 2567 593 2620; x_wconf 77' lang='lat' dir='ltr'><strong>F.</strong></span> <span class='ocrx_word' id='word_1_179' title='bbox 643 2605 647 2615; x_wconf 84' lang='lat'>.</span> 
     </span>
    </p>
   </div>
   <div class='ocr_carea' id='block_1_5' title="bbox 39 2717 1172 4207">
    <p class='ocr_par' dir='ltr' id='par_1_13' title="bbox 46 2717 1135 3137">
     <span class='ocr_line' id='line_1_24' title="bbox 48 2717 1135 2791; baseline -0.006 -15"><span class='ocrx_word' id='word_1_180' title='bbox 48 2721 108 2782; x_wconf 78' lang='lat' dir='ltr'><strong>aiiii</strong></span> <span class='ocrx_word' id='word_1_181' title='bbox 130 2717 221 2782; x_wconf 81' lang='lat' dir='ltr'><strong>dedit,</strong></span> <span class='ocrx_word' id='word_1_182' title='bbox 239 2726 270 2772; x_wconf 87' lang='lat' dir='ltr'><strong>ut</strong></span> <span class='ocrx_word' id='word_1_183' title='bbox 287 2718 353 2770; x_wconf 87' lang='lat' dir='ltr'><strong>duas</strong></span> <span class='ocrx_word' id='word_1_184' title='bbox 371 2720 399 2771; x_wconf 92' lang='lat' dir='ltr'><strong>in</strong></span> <span class='ocrx_word' id='word_1_185' title='bbox 416 2719 519 2772; x_wconf 83' lang='lat' dir='ltr'><strong>chartas</strong></span> <span class='ocrx_word' id='word_1_186' title='bbox 539 2720 680 2791; x_wconf 89' lang='lat' dir='ltr'><strong>utriusque</strong></span> <span class='ocrx_word' id='word_1_187' title='bbox 699 2719 781 2790; x_wconf 84' lang='lat' dir='ltr'><strong>partis</strong></span> <span class='ocrx_word' id='word_1_188' title='bbox 800 2717 1135 2788; x_wconf 78' lang='lat' dir='ltr'><strong>dogmataperscriberen-</strong></span> 
     </span>
     <span class='ocr_line' id='line_1_25' title="bbox 48 2790 1134 2861; baseline -0.004 -17"><span class='ocrx_word' id='word_1_189' title='bbox 48 2800 97 2845; x_wconf 90' lang='lat' dir='ltr'><strong>tur</strong></span> <span class='ocrx_word' id='word_1_190' title='bbox 117 2799 146 2843; x_wconf 92' lang='lat' dir='ltr'><strong>et</strong></span> <span class='ocrx_word' id='word_1_191' title='bbox 162 2792 191 2841; x_wconf 90' lang='lat' dir='ltr'><strong>in</strong></span> <span class='ocrx_word' id='word_1_192' title='bbox 207 2807 300 2841; x_wconf 83' lang='lat' dir='ltr'><strong>urnam</strong></span> <span class='ocrx_word' id='word_1_193' title='bbox 319 2791 433 2843; x_wconf 78' lang='lat' dir='ltr'>eximiae</span> <span class='ocrx_word' id='word_1_194' title='bbox 450 2791 571 2858; x_wconf 79' lang='lat' dir='ltr'><strong>martyris</strong></span> <span class='ocrx_word' id='word_1_195' title='bbox 596 2790 761 2861; x_wconf 84' lang='lat' dir='ltr'><strong>Euphemiae</strong></span> <span class='ocrx_word' id='word_1_196' title='bbox 779 2793 992 2852; x_wconf 88' lang='lat' dir='ltr'><strong>coniicerentur,</strong></span> <span class='ocrx_word' id='word_1_197' title='bbox 1012 2806 1067 2858; x_wconf 91' lang='lat' dir='ltr'><strong>quo</strong></span> <span class='ocrx_word' id='word_1_198' title='bbox 1085 2805 1134 2840; x_wconf 87' lang='grc' dir='ltr'><strong>νε-</strong></span> 
     </span>
     <span class='ocr_line' id='line_1_26' title="bbox 48 2860 1133 2930; baseline -0.004 -16"><span class='ocrx_word' id='word_1_199' title='bbox 48 2864 117 2915; x_wconf 83' lang='lat' dir='ltr'><strong>ritas</strong></span> <span class='ocrx_word' id='word_1_200' title='bbox 135 2861 187 2912; x_wconf 91' lang='lat' dir='ltr'><strong>hoc</strong></span> <span class='ocrx_word' id='word_1_201' title='bbox 204 2869 282 2930; x_wconf 88' lang='lat' dir='ltr'><strong>pacto</strong></span> <span class='ocrx_word' id='word_1_202' title='bbox 301 2861 472 2913; x_wconf 78' lang='lat' dir='ltr'><strong>elucesceret.</strong></span> <span class='ocrx_word' id='word_1_203' title='bbox 502 2861 566 2912; x_wconf 90' lang='lat' dir='ltr'><strong>huic</strong></span> <span class='ocrx_word' id='word_1_204' title='bbox 583 2863 697 2913; x_wconf 84' lang='lat' dir='ltr'><strong>consilio</strong></span> <span class='ocrx_word' id='word_1_205' title='bbox 714 2880 773 2913; x_wconf 88' lang='lat' dir='ltr'><strong>cum</strong></span> <span class='ocrx_word' id='word_1_206' title='bbox 791 2861 1005 2930; x_wconf 77' lang='lat' dir='ltr'><strong>obtemperatum</strong></span> <span class='ocrx_word' id='word_1_207' title='bbox 1023 2860 1133 2924; x_wconf 81' lang='lat' dir='ltr'><strong>suisset,</strong></span> 
     </span>
     <span class='ocr_line' id='line_1_27' title="bbox 46 2928 1134 3004; baseline -0.005 -20"><span class='ocrx_word' id='word_1_208' title='bbox 46 2932 204 3004; x_wconf 84' lang='lat' dir='ltr'><strong>prodigium</strong></span> <span class='ocrx_word' id='word_1_209' title='bbox 227 2930 363 3000; x_wconf 81' lang='lat' dir='ltr'>quoddam</span> <span class='ocrx_word' id='word_1_210' title='bbox 382 2951 478 2985; x_wconf 86' lang='lat' dir='ltr'><strong>novum</strong></span> <span class='ocrx_word' id='word_1_211' title='bbox 499 2941 527 2983; x_wconf 88' lang='lat' dir='ltr'><strong>et</strong></span> <span class='ocrx_word' id='word_1_212' title='bbox 548 2933 719 3001; x_wconf 88' lang='lat' dir='ltr'><strong>inopinatum</strong></span> <span class='ocrx_word' id='word_1_213' title='bbox 739 2940 796 2983; x_wconf 86' lang='lat' dir='ltr'><strong>erat</strong></span> <span class='ocrx_word' id='word_1_214' title='bbox 811 2948 940 2983; x_wconf 83' lang='lat' dir='ltr'><strong>cernere:</strong></span> <span class='ocrx_word' id='word_1_215' title='bbox 960 2947 1021 2980; x_wconf 89' lang='lat' dir='ltr'><strong>nam</strong></span> <span class='ocrx_word' id='word_1_216' title='bbox 1039 2928 1134 2980; x_wconf 88' lang='lat' dir='ltr'><strong>adver·</strong></span> 
     </span>
     <span class='ocr_line' id='line_1_28' title="bbox 48 3001 1134 3071; baseline -0.005 -15"><span class='ocrx_word' id='word_1_217' title='bbox 48 3005 185 3056; x_wconf 85' lang='lat' dir='ltr'><strong>sariorum</strong></span> <span class='ocrx_word' id='word_1_218' title='bbox 203 3003 325 3053; x_wconf 81' lang='lat' dir='ltr'><strong>veritatis</strong></span> <span class='ocrx_word' id='word_1_219' title='bbox 343 3003 435 3055; x_wconf 84' lang='lat' dir='ltr'><strong>charta</strong></span> <span class='ocrx_word' id='word_1_220' title='bbox 455 3004 493 3054; x_wconf 90' lang='lat' dir='ltr'><strong>sie</strong></span> <span class='ocrx_word' id='word_1_221' title='bbox 511 3013 616 3071; x_wconf 78' lang='lat' dir='ltr'><strong>reperto</strong></span> <span class='ocrx_word' id='word_1_222' title='bbox 635 3011 690 3066; x_wconf 86' lang='lat' dir='ltr'><strong>est,</strong></span> <span class='ocrx_word' id='word_1_223' title='bbox 715 3010 746 3055; x_wconf 89' lang='lat' dir='ltr'><strong>ut</strong></span> <span class='ocrx_word' id='word_1_224' title='bbox 763 3001 798 3053; x_wconf 93' lang='lat' dir='ltr'><strong>ad</strong></span> <span class='ocrx_word' id='word_1_225' title='bbox 816 3010 926 3054; x_wconf 83' lang='lat' dir='ltr'><strong>sanctae</strong></span> <span class='ocrx_word' id='word_1_226' title='bbox 941 3001 1065 3068; x_wconf 80' lang='lat' dir='ltr'><strong>martyris</strong></span> <span class='ocrx_word' id='word_1_227' title='bbox 1082 3015 1134 3070; x_wconf 86' lang='lat' dir='ltr'><strong>pe-</strong></span> 
     </span>
     <span class='ocr_line' id='line_1_29' title="bbox 49 3071 972 3137; baseline -0.004 -10"><span class='ocrx_word' id='word_1_228' title='bbox 49 3074 99 3127; x_wconf 83' lang='lat' dir='ltr'><strong>des</strong></span> <span class='ocrx_word' id='word_1_229' title='bbox 118 3072 224 3123; x_wconf 84' lang='lat' dir='ltr'><strong>abiecta</strong></span> <span class='ocrx_word' id='word_1_230' title='bbox 243 3074 358 3137; x_wconf 86' lang='lat' dir='ltr'><strong>iaceret,</strong></span> <span class='ocrx_word' id='word_1_231' title='bbox 375 3074 458 3125; x_wconf 83' lang='lat' dir='ltr'><strong>altera</strong></span> <span class='ocrx_word' id='word_1_232' title='bbox 475 3090 538 3124; x_wconf 86' lang='lat' dir='ltr'><strong>vero</strong></span> <span class='ocrx_word' id='word_1_233' title='bbox 557 3072 592 3123; x_wconf 90' lang='lat' dir='ltr'><strong>ad</strong></span> <span class='ocrx_word' id='word_1_234' title='bbox 611 3092 719 3125; x_wconf 87' lang='lat' dir='ltr'><strong>manum</strong></span> <span class='ocrx_word' id='word_1_235' title='bbox 739 3074 806 3124; x_wconf 88' lang='lat' dir='ltr'><strong>eius.</strong></span> <span class='ocrx_word' id='word_1_236' title='bbox 970 3071 972 3074; x_wconf 74' lang='grc'><strong>’</strong></span> 
     </span>
    </p>

    <p class='ocr_par' dir='ltr' id='par_1_14' title="bbox 47 3139 1135 3427">
     <span class='ocr_line' id='line_1_30' title="bbox 122 3139 1133 3213; baseline 0.001 -20"><span class='ocrx_word' id='word_1_237' title='bbox 122 3144 259 3194; x_wconf 81' lang='lat' dir='ltr'><strong>Marciano</strong></span> <span class='ocrx_word' id='word_1_238' title='bbox 284 3153 411 3212; x_wconf 81' lang='lat' dir='ltr'><strong>regnante</strong></span> <span class='ocrx_word' id='word_1_239' title='bbox 425 3144 542 3210; x_wconf 79' lang='lat' dir='ltr'><strong>Symeon</strong></span> <span class='ocrx_word' id='word_1_240' title='bbox 560 3144 609 3194; x_wconf 86' lang='lat' dir='ltr'><strong>ilie</strong></span> <span class='ocrx_word' id='word_1_241' title='bbox 641 3162 752 3213; x_wconf 83' lang='lat' dir='ltr'><strong>magnus</strong></span> <span class='ocrx_word' id='word_1_242' title='bbox 773 3143 925 3194; x_wconf 85' lang='lat' dir='ltr'><strong>columnam</strong></span> <span class='ocrx_word' id='word_1_243' title='bbox 941 3139 1091 3193; x_wconf 82' lang='lat' dir='ltr'><strong>adscendit·</strong></span> <span class='ocrx_word' id='word_1_244' title='bbox 1109 3139 1133 3194; x_wconf 77' lang='lat' dir='ltr'><strong>ia</strong></span> 
     </span>
     <span class='ocr_line' id='line_1_31' title="bbox 50 3213 1135 3282; baseline -0.004 -16"><span class='ocrx_word' id='word_1_245' title='bbox 50 3214 136 3282; x_wconf 87' lang='lat' dir='ltr'><strong>longo</strong></span> <span class='ocrx_word' id='word_1_246' title='bbox 154 3222 275 3282; x_wconf 86' lang='lat' dir='ltr'><strong>tempore</strong></span> <span class='ocrx_word' id='word_1_247' title='bbox 294 3213 365 3264; x_wconf 87' lang='lat' dir='ltr'><strong>nibil</strong></span> <span class='ocrx_word' id='word_1_248' title='bbox 383 3216 492 3266; x_wconf 88' lang='lat' dir='ltr'><strong>omnino</strong></span> <span class='ocrx_word' id='word_1_249' title='bbox 517 3231 576 3265; x_wconf 86' lang='lat' dir='ltr'><strong>cum</strong></span> <span class='ocrx_word' id='word_1_250' title='bbox 596 3213 751 3266; x_wconf 88' lang='lat' dir='ltr'><strong>bominibus</strong></span> <span class='ocrx_word' id='word_1_251' title='bbox 769 3214 864 3264; x_wconf 84' lang='lat' dir='ltr'><strong>habuit</strong></span> <span class='ocrx_word' id='word_1_252' title='bbox 882 3213 1051 3277; x_wconf 82' lang='lat' dir='ltr'><strong>commercii,</strong></span> <span class='ocrx_word' id='word_1_253' title='bbox 1070 3228 1135 3281; x_wconf 87' lang='lat' dir='ltr'><strong>pro-</strong></span> 
     </span>
     <span class='ocr_line' id='line_1_32' title="bbox 47 3283 1134 3356; baseline -0.005 -19"><span class='ocrx_word' id='word_1_254' title='bbox 47 3293 146 3356; x_wconf 84' lang='lat' dir='ltr'><strong>pterea</strong></span> <span class='ocrx_word' id='word_1_255' title='bbox 165 3283 239 3353; x_wconf 89' lang='lat' dir='ltr'><strong>quod</strong></span> <span class='ocrx_word' id='word_1_256' title='bbox 256 3285 389 3336; x_wconf 87' lang='lat' dir='ltr'><strong>eiusmodi</strong></span> <span class='ocrx_word' id='word_1_257' title='bbox 409 3303 463 3336; x_wconf 88' lang='lat' dir='ltr'><strong>rem</strong></span> <span class='ocrx_word' id='word_1_258' title='bbox 484 3302 579 3336; x_wconf 87' lang='lat' dir='ltr'><strong>novam</strong></span> <span class='ocrx_word' id='word_1_259' title='bbox 603 3286 703 3354; x_wconf 86' lang='lat' dir='ltr'><strong>primus</strong></span> <span class='ocrx_word' id='word_1_260' title='bbox 723 3285 892 3336; x_wconf 79' lang='lat' dir='ltr'><strong>ostendisset.</strong></span> <span class='ocrx_word' id='word_1_261' title='bbox 913 3286 952 3334; x_wconf 89' lang='lat' dir='ltr'><strong>sic</strong></span> <span class='ocrx_word' id='word_1_262' title='bbox 971 3285 1041 3335; x_wconf 89' lang='lat' dir='ltr'><strong>enim</strong></span> <span class='ocrx_word' id='word_1_263' title='bbox 1060 3299 1134 3333; x_wconf 90' lang='lat' dir='ltr'><strong>com-</strong></span> 
     </span>
     <span class='ocr_line' id='line_1_33' title="bbox 47 3354 977 3427; baseline -0.002 -21"><span class='ocrx_word' id='word_1_264' title='bbox 47 3364 178 3427; x_wconf 84' lang='lat' dir='ltr'><strong>paratum</strong></span> <span class='ocrx_word' id='word_1_265' title='bbox 199 3363 240 3405; x_wconf 86' lang='lat' dir='ltr'><strong>est</strong></span> <span class='ocrx_word' id='word_1_266' title='bbox 256 3356 284 3406; x_wconf 89' lang='lat' dir='ltr'><strong>iu</strong></span> <span class='ocrx_word' id='word_1_267' title='bbox 303 3355 382 3407; x_wconf 90' lang='lat' dir='ltr'><strong>rebus</strong></span> <span class='ocrx_word' id='word_1_268' title='bbox 401 3355 526 3406; x_wconf 85' lang='lat' dir='ltr'><strong>humanis</strong></span> <span class='ocrx_word' id='word_1_269' title='bbox 546 3364 576 3407; x_wconf 93' lang='lat' dir='ltr'><strong>ut</strong></span> <span class='ocrx_word' id='word_1_270' title='bbox 593 3356 673 3407; x_wconf 88' lang='lat' dir='ltr'><strong>multi</strong></span> <span class='ocrx_word' id='word_1_271' title='bbox 691 3356 745 3407; x_wconf 89' lang='lat' dir='ltr'><strong>sint</strong></span> <span class='ocrx_word' id='word_1_272' title='bbox 763 3354 977 3425; x_wconf 87' lang='lat' dir='ltr'><strong>reprehensores.</strong></span> 
     </span>
    </p>

    <p class='ocr_par' dir='ltr' id='par_1_15' title="bbox 48 3424 1135 3565">
     <span class='ocr_line' id='line_1_34' title="bbox 122 3424 1135 3496; baseline -0.006 -19"><span class='ocrx_word' id='word_1_273' title='bbox 122 3425 185 3477; x_wconf 87' lang='lat' dir='ltr'><strong>Post</strong></span> <span class='ocrx_word' id='word_1_274' title='bbox 211 3425 375 3476; x_wconf 78' lang='lat' dir='ltr'><strong>Marcianum</strong></span> <span class='ocrx_word' id='word_1_275' title='bbox 398 3426 451 3476; x_wconf 87' lang='lat' dir='ltr'><strong>Leo</strong></span> <span class='ocrx_word' id='word_1_276' title='bbox 472 3443 584 3494; x_wconf 83' lang='lat' dir='ltr'><strong>magnus</strong></span> <span class='ocrx_word' id='word_1_277' title='bbox 604 3427 718 3496; x_wconf 89' lang='lat' dir='ltr'><strong>imperio</strong></span> <span class='ocrx_word' id='word_1_278' title='bbox 741 3442 790 3495; x_wconf 89' lang='lat' dir='ltr'><strong>per</strong></span> <span class='ocrx_word' id='word_1_279' title='bbox 812 3428 841 3479; x_wconf 77' lang='lat'><strong>18</strong></span> <span class='ocrx_word' id='word_1_280' title='bbox 860 3441 944 3476; x_wconf 90' lang='lat' dir='ltr'><strong>annos</strong></span> <span class='ocrx_word' id='word_1_281' title='bbox 963 3424 1083 3493; x_wconf 86' lang='lat' dir='ltr'><strong>potitus,</strong></span> <span class='ocrx_word' id='word_1_282' title='bbox 1101 3437 1135 3472; x_wconf 82' lang='lat' dir='ltr'><strong>ex</strong></span> 
     </span>
     <span class='ocr_line' id='line_1_35' title="bbox 48 3491 1133 3565; baseline -0.006 -17"><span class='ocrx_word' id='word_1_283' title='bbox 48 3497 248 3548; x_wconf 81' lang='lat' dir='ltr'><strong>intestinorum</strong></span> <span class='ocrx_word' id='word_1_284' title='bbox 271 3495 365 3547; x_wconf 91' lang='lat' dir='ltr'><strong>morbo</strong></span> <span class='ocrx_word' id='word_1_285' title='bbox 393 3498 476 3548; x_wconf 82' lang='lat' dir='ltr'><strong>vitam</strong></span> <span class='ocrx_word' id='word_1_286' title='bbox 501 3497 580 3547; x_wconf 85' lang='lat' dir='ltr'><strong>finiit.</strong></span> <span class='ocrx_word' id='word_1_287' title='bbox 606 3514 638 3548; x_wconf 88' lang='lat' dir='ltr'><strong>eo</strong></span> <span class='ocrx_word' id='word_1_288' title='bbox 664 3505 792 3564; x_wconf 84' lang='lat' dir='ltr'><strong>regnante</strong></span> <span class='ocrx_word' id='word_1_289' title='bbox 820 3495 973 3565; x_wconf 81' lang='lat' dir='ltr'><strong>prodigium</strong></span> <span class='ocrx_word' id='word_1_290' title='bbox 1002 3495 1031 3544; x_wconf 92' lang='lat' dir='ltr'><strong>in</strong></span> <span class='ocrx_word' id='word_1_291' title='bbox 1057 3491 1133 3542; x_wconf 84' lang='lat' dir='ltr'><strong>caelo</strong></span> 
     </span>
    </p>

    <p class='ocr_par' dir='ltr' id='par_1_16' title="bbox 39 3563 1172 4207">
     <span class='ocr_line' id='line_1_36' title="bbox 69 3563 1172 3635; baseline -0.005 -17"><span class='ocrx_word' id='word_1_292' title='bbox 69 3564 188 3618; x_wconf 87' lang='lat' dir='ltr'><strong>uoddam</strong></span> <span class='ocrx_word' id='word_1_293' title='bbox 220 3567 358 3635; x_wconf 83' lang='lat' dir='ltr'><strong>apparuit,</strong></span> <span class='ocrx_word' id='word_1_294' title='bbox 388 3569 514 3619; x_wconf 85' lang='lat' dir='ltr'><strong>nimirum</strong></span> <span class='ocrx_word' id='word_1_295' title='bbox 532 3567 618 3619; x_wconf 86' lang='lat' dir='ltr'><strong>nubes</strong></span> <span class='ocrx_word' id='word_1_296' title='bbox 638 3568 720 3619; x_wconf 86' lang='lat' dir='ltr'><strong>tubae</strong></span> <span class='ocrx_word' id='word_1_297' title='bbox 742 3565 1082 3634; x_wconf 86' lang='lat' dir='ltr'><strong>consimilis,quaetotos</strong></span> <span class='ocrx_word' id='word_1_298' title='bbox 1100 3563 1134 3630; x_wconf 66' lang='lat'><strong>4⁰</strong></span> <span class='ocrx_word' id='word_1_299' title='bbox 1170 3569 1172 3579; x_wconf 82' lang='grc'><strong>“</strong></span> 
     </span>
     <span class='ocr_line' id='line_1_37' title="bbox 47 3585 1135 3706; baseline -0.006 -17"><span class='ocrx_word' id='word_1_300' title='bbox 47 3585 109 3689; x_wconf 82' lang='lat' dir='ltr'><strong>dies</strong></span> <span class='ocrx_word' id='word_1_301' title='bbox 139 3634 252 3686; x_wconf 76' lang='lat' dir='ltr'><strong>duravit</strong></span> <span class='ocrx_word' id='word_1_302' title='bbox 285 3636 380 3688; x_wconf 87' lang='lat' dir='ltr'><strong>itidem</strong></span> <span class='ocrx_word' id='word_1_303' title='bbox 405 3637 482 3706; x_wconf 87' lang='lat' dir='ltr'><strong>Cpoli</strong></span> <span class='ocrx_word' id='word_1_304' title='bbox 509 3638 599 3688; x_wconf 88' lang='lat' dir='ltr'><strong>cinere</strong></span> <span class='ocrx_word' id='word_1_305' title='bbox 619 3637 714 3706; x_wconf 83' lang='lat' dir='ltr'><strong>pluit,</strong></span> <span class='ocrx_word' id='word_1_306' title='bbox 751 3638 826 3688; x_wconf 92' lang='lat' dir='ltr'><strong>cuius</strong></span> <span class='ocrx_word' id='word_1_307' title='bbox 852 3636 985 3688; x_wconf 83' lang='lat' dir='ltr'><strong>crassities</strong></span> <span class='ocrx_word' id='word_1_308' title='bbox 1015 3634 1135 3702; x_wconf 82' lang='lat' dir='ltr'><strong>patmum</strong></span> 
     </span>
     <span class='ocr_line' id='line_1_38' title="bbox 46 3702 1136 3778; baseline -0.006 -17"><span class='ocrx_word' id='word_1_309' title='bbox 46 3705 196 3776; x_wconf 78' lang='lat' dir='ltr'><strong>aequabat</strong></span> <span class='ocrx_word' id='word_1_310' title='bbox 214 3707 309 3757; x_wconf 82' lang='lat' dir='ltr'><strong>iccirco</strong></span> <span class='ocrx_word' id='word_1_311' title='bbox 328 3709 506 3777; x_wconf 73' lang='lat' dir='ltr'><strong>supplicatum</strong></span> <span class='ocrx_word' id='word_1_312' title='bbox 527 3706 561 3757; x_wconf 85' lang='lat' dir='ltr'><strong>ab</strong></span> <span class='ocrx_word' id='word_1_313' title='bbox 574 3707 707 3771; x_wconf 88' lang='lat' dir='ltr'><strong>omuibus,</strong></span> <span class='ocrx_word' id='word_1_314' title='bbox 725 3707 800 3778; x_wconf 85' lang='lat' dir='ltr'><strong>quod</strong></span> <span class='ocrx_word' id='word_1_315' title='bbox 817 3707 938 3758; x_wconf 90' lang='lat' dir='ltr'><strong>dicerent</strong></span> <span class='ocrx_word' id='word_1_316' title='bbox 956 3706 1043 3773; x_wconf 77' lang='lat' dir='ltr'><strong>iguem</strong></span> <span class='ocrx_word' id='word_1_317' title='bbox 1062 3702 1136 3755; x_wconf 85' lang='lat' dir='ltr'><strong>hunc</strong></span> 
     </span>
     <span class='ocr_line' id='line_1_39' title="bbox 46 3767 1134 3847; baseline -0.007 -15"><span class='ocrx_word' id='word_1_318' title='bbox 46 3779 155 3839; x_wconf 84' lang='lat' dir='ltr'><strong>fuisse,</strong></span> <span class='ocrx_word' id='word_1_319' title='bbox 172 3794 263 3828; x_wconf 85' lang='lat' dir='ltr'><strong>verum</strong></span> <span class='ocrx_word' id='word_1_320' title='bbox 283 3777 450 3846; x_wconf 81' lang='lat' dir='ltr'><strong>benignitate</strong></span> <span class='ocrx_word' id='word_1_321' title='bbox 469 3777 559 3828; x_wconf 84' lang='lat' dir='ltr'><strong>divina</strong></span> <span class='ocrx_word' id='word_1_322' title='bbox 575 3778 724 3830; x_wconf 81' lang='lat' dir='ltr'><strong>extinctum</strong></span> <span class='ocrx_word' id='word_1_323' title='bbox 746 3793 812 3847; x_wconf 65' lang='lat' dir='ltr'><strong>ease.</strong></span> <span class='ocrx_word' id='word_1_324' title='bbox 830 3785 896 3828; x_wconf 89' lang='lat' dir='ltr'><strong>tunc</strong></span> <span class='ocrx_word' id='word_1_325' title='bbox 915 3767 1068 3843; x_wconf 57' lang='grc' dir='ltr'><strong><em>εὐημέρησε</em></strong></span> <span class='ocrx_word' id='word_1_326' title='bbox 1086 3773 1134 3824; x_wconf 91' lang='lat' dir='ltr'><strong>ille</strong></span> 
     </span>
     <span class='ocr_line' id='line_1_40' title="bbox 43 3845 1135 3917; baseline -0.005 -17"><span class='ocrx_word' id='word_1_327' title='bbox 43 3847 185 3904; x_wconf 84' lang='lat' dir='ltr'><strong>Danielus</strong></span> <span class='ocrx_word' id='word_1_328' title='bbox 211 3848 364 3899; x_wconf 85' lang='lat' dir='ltr'><strong>columnam</strong></span> <span class='ocrx_word' id='word_1_329' title='bbox 393 3849 422 3900; x_wconf 91' lang='lat' dir='ltr'><strong>in</strong></span> <span class='ocrx_word' id='word_1_330' title='bbox 440 3850 546 3917; x_wconf 77' lang='lat' dir='ltr'><strong>Anaplo</strong></span> <span class='ocrx_word' id='word_1_331' title='bbox 572 3848 742 3911; x_wconf 84' lang='lat' dir='ltr'><strong>conscendit,</strong></span> <span class='ocrx_word' id='word_1_332' title='bbox 768 3856 797 3899; x_wconf 92' lang='lat' dir='ltr'><strong>et</strong></span> <span class='ocrx_word' id='word_1_333' title='bbox 821 3847 913 3899; x_wconf 88' lang='lat' dir='ltr'><strong>matris</strong></span> <span class='ocrx_word' id='word_1_334' title='bbox 939 3845 1041 3897; x_wconf 87' lang='lat' dir='ltr'><strong>domiui</strong></span> <span class='ocrx_word' id='word_1_335' title='bbox 1061 3860 1135 3894; x_wconf 83' lang='lat' dir='ltr'><strong>sacra</strong></span> 
     </span>
     <span class='ocr_line' id='line_1_41' title="bbox 42 3915 1135 3986; baseline -0.007 -12"><span class='ocrx_word' id='word_1_336' title='bbox 42 3919 136 3974; x_wconf 74' lang='lat' dir='ltr'><strong>vestis</strong></span> <span class='ocrx_word' id='word_1_337' title='bbox 157 3917 263 3986; x_wconf 83' lang='lat' dir='ltr'><strong>Cpoiim</strong></span> <span class='ocrx_word' id='word_1_338' title='bbox 281 3927 322 3970; x_wconf 83' lang='lat' dir='ltr'><strong>est</strong></span> <span class='ocrx_word' id='word_1_339' title='bbox 338 3918 427 3971; x_wconf 87' lang='lat' dir='ltr'><strong>allata.</strong></span> <span class='ocrx_word' id='word_1_340' title='bbox 464 3919 519 3970; x_wconf 87' lang='lat' dir='ltr'><strong>Leo</strong></span> <span class='ocrx_word' id='word_1_341' title='bbox 536 3935 645 3986; x_wconf 80' lang='lat' dir='ltr'><strong>magnus</strong></span> <span class='ocrx_word' id='word_1_342' title='bbox 664 3918 754 3970; x_wconf 89' lang='lat' dir='ltr'><strong>edicto</strong></span> <span class='ocrx_word' id='word_1_343' title='bbox 772 3918 841 3969; x_wconf 84' lang='lat' dir='ltr'><strong>cavit</strong></span> <span class='ocrx_word' id='word_1_344' title='bbox 855 3935 890 3968; x_wconf 91' lang='lat' dir='ltr'><strong>ne</strong></span> <span class='ocrx_word' id='word_1_345' title='bbox 909 3916 975 3986; x_wconf 92' lang='lat' dir='ltr'><strong>quid</strong></span> <span class='ocrx_word' id='word_1_346' title='bbox 993 3915 1135 3968; x_wconf 79' lang='lat' dir='ltr'><strong>dominicis</strong></span> 
     </span>
     <span class='ocr_line' id='line_1_42' title="bbox 43 3986 1136 4057; baseline -0.009 -12"><span class='ocrx_word' id='word_1_347' title='bbox 43 3989 150 4045; x_wconf 83' lang='lat' dir='ltr'><strong>diebus</strong></span> <span class='ocrx_word' id='word_1_348' title='bbox 168 3988 257 4057; x_wconf 84' lang='lat' dir='ltr'><strong>operis</strong></span> <span class='ocrx_word' id='word_1_349' title='bbox 279 3990 370 4051; x_wconf 81' lang='lat' dir='ltr'><strong>fieret,</strong></span> <span class='ocrx_word' id='word_1_350' title='bbox 398 4006 466 4042; x_wconf 85' lang='lat' dir='ltr'><strong>neve</strong></span> <span class='ocrx_word' id='word_1_351' title='bbox 485 3989 543 4041; x_wconf 87' lang='lat' dir='ltr'><strong>iudi</strong></span> <span class='ocrx_word' id='word_1_352' title='bbox 562 3989 696 4040; x_wconf 83' lang='lat' dir='ltr'><strong>circenses</strong></span> <span class='ocrx_word' id='word_1_353' title='bbox 718 3995 924 4057; x_wconf 82' lang='lat' dir='ltr'><strong>peragerentur,</strong></span> <span class='ocrx_word' id='word_1_354' title='bbox 950 4004 1017 4038; x_wconf 87' lang='lat' dir='ltr'><strong>neve</strong></span> <span class='ocrx_word' id='word_1_355' title='bbox 1034 3986 1136 4037; x_wconf 76' lang='lat' dir='ltr'><strong>musica</strong></span> 
     </span>
     <span class='ocr_line' id='line_1_43' title="bbox 42 4056 1136 4126; baseline -0.007 -10"><span class='ocrx_word' id='word_1_356' title='bbox 42 4065 232 4116; x_wconf 87' lang='lat' dir='ltr'><strong>instrumenta</strong></span> <span class='ocrx_word' id='word_1_357' title='bbox 260 4069 432 4126; x_wconf 86' lang='lat' dir='ltr'><strong>resonarent,</strong></span> <span class='ocrx_word' id='word_1_358' title='bbox 449 4056 509 4112; x_wconf 86' lang='lat' dir='ltr'><strong>&#39;sed</strong></span> <span class='ocrx_word' id='word_1_359' title='bbox 538 4077 630 4111; x_wconf 85' lang='lat' dir='ltr'><strong>omues</strong></span> <span class='ocrx_word' id='word_1_360' title='bbox 661 4059 740 4109; x_wconf 87' lang='lat' dir='ltr'><strong>rebus</strong></span> <span class='ocrx_word' id='word_1_361' title='bbox 766 4057 865 4109; x_wconf 71' lang='lat' dir='ltr'><strong>(livinis</strong></span> <span class='ocrx_word' id='word_1_362' title='bbox 895 4057 1018 4126; x_wconf 86' lang='lat' dir='ltr'><strong>occupati</strong></span> <span class='ocrx_word' id='word_1_363' title='bbox 1037 4063 1136 4108; x_wconf 80' lang='lat' dir='ltr'><strong>essent.</strong></span> 
     </span>
     <span class='ocr_line' id='line_1_44' title="bbox 39 4127 1136 4207; baseline -0.007 -21"><span class='ocrx_word' id='word_1_364' title='bbox 39 4129 206 4191; x_wconf 80' lang='lat' dir='ltr'><strong>Romanum</strong></span> <span class='ocrx_word' id='word_1_365' title='bbox 218 4130 370 4202; x_wconf 73' lang='lat' dir='ltr'><strong>imperium</strong></span> <span class='ocrx_word' id='word_1_366' title='bbox 389 4131 417 4186; x_wconf 89' lang='lat' dir='ltr'><strong>id</strong></span> <span class='ocrx_word' id='word_1_367' title='bbox 443 4131 572 4203; x_wconf 85' lang='lat' dir='ltr'><strong>temporis</strong></span> <span class='ocrx_word' id='word_1_368' title='bbox 588 4147 696 4202; x_wconf 83' lang='lat' dir='ltr'><strong>prorsus</strong></span> <span class='ocrx_word' id='word_1_369' title='bbox 724 4129 870 4207; x_wconf 78' lang='lat' dir='ltr'><strong>extinctum</strong></span> <span class='ocrx_word' id='word_1_370' title='bbox 890 4136 918 4181; x_wconf 86' lang='lat' dir='ltr'><strong>et</strong></span> <span class='ocrx_word' id='word_1_371' title='bbox 935 4127 1067 4181; x_wconf 84' lang='lat' dir='ltr'><strong>abolitum</strong></span> <span class='ocrx_word' id='word_1_372' title='bbox 1086 4133 1136 4179; x_wconf 81' lang='lat' dir='ltr'><strong>est.</strong></span> 
     </span>
    </p>
   </div>
   <div class='ocr_carea' id='block_1_6' title="bbox 0 0 1352 4784">
    <p class='ocr_par' dir='ltr' id='par_1_17' title="bbox 0 0 1352 4784">
     <span class='ocr_line' id='line_1_45' title="bbox 0 0 1352 4784; baseline 0 0"><span class='ocrx_word' id='word_1_373' title='bbox 0 0 1352 4784; x_wconf 95' lang='lat' dir='ltr'><strong> </strong></span> 
     </span>
    </p>
   </div>
  </div>
 </body>
</html>
