2722 4800
250 219 304 335 78
588 192 804 306 minumus
834 238 996 306 GLYCAE

246 404 306 484 μὲν
330 396 390 484 γὰρ
412 393 545 482 ζκέντρον
579 394 625 483 τῷ
652 398 792 478 βασιλεῖ,
826 394 895 458 αλλ’
925 394 966 457 ου’
991 392 1108 477 χρῆται
1131 388 1234 481 τοάτιρ
1257 390 1335 473 πρὸς

247 493 382 581 άμυναν.
422 488 513 576 νόμοι
541 497 625 569 τίνὲς
646 496 726 560 εἰσιν
755 485 845 558 οὗτοι
863 496 919 578 τῆς
940 492 1068 580 φάσεως
1088 484 1252 578 άγραφοι,
1276 487 1335 574 ἅρ-

246 594 323 682 γούς
354 588 436 659 εἶναι
471 590 551 679 πρός
582 594 739 678 τιμωρίαν
768 591 842 669 τούς
874 596 938 657 τῶν
967 584 1123 676 μεγίσταν
1144 594 1335 656 δυναστειῶν

246 695 479 778 ἐπιβαίνοντας.
532 687 617 758 οὕτω
646 695 706 775 μὲν
735 689 770 758 αῖ
792 694 844 781 ,τῷ
870 694 928 757 τοῦ
944 694 1099 775 βασιλέως
1127 689 1335 774 ὑποδείγματι

246 793 292 879 μὴ
327 794 557 859 α’κολουθσῶσαι
583 795 622 881 τῇ
654 795 715 857 coci
741 794 872 875 κέντρου
898 792 999 879 πληγῇ
1029 786 1335 874 ἐναποδνὴσκουσιν,

247 887 322 974 ἄξια
343 895 398 976 τῆς
416 888 541 959 ἑαυτῶν
560 886 722 977 ῶμότητος
741 892 948 976 εὑρίσκονται
967 890 1006 956 τά
1032 892 1189 973 ἐπίχειρα.

327 989 423 1057 Ἀλλά
452 995 509 1056 καί
531 993 623 1057 τοῦτο
654 990 834 1073 θαυμάζειν
853 984 960 1072 ἄξιον,
986 991 1054 1065 πῶς
1077 987 1112 1053 αἱ
1130 990 1257 1072 γέρανοι
1281 985 1335 1063 τάς

247 1094 281 1158 ἐν
299 1095 340 1179 τῇ
360 1090 452 1157 νυκτί
470 1088 679 1177 προφυλακάς
707 1094 743 1158 ἐκ
764 1092 955 1174 περιτροπῆς
980 1088 1207 1170 ὖποδέχονται,
1228 1091 1284 1152 καί
1304 1085 1335 1151 oi

246 1194 307 1274 μὲν
327 1189 561 1272 καθεύδουσιν,
591 1186 626 1255 αἱ
647 1192 683 1256 δὲ
703 1187 806 1278 κύκλῳ
837 1191 1019 1275 περιιοῦσαι
1039 1190 1146 1253 πᾶσαν
1169 1189 1286 1264 ου’ταῑς
1306 1189 1335 1253 ἐν

169 1295 291 1380 Minui
318 1285 405 1376 ὕπνῳ
434 1291 612 1373 παρέχουσι
639 1287 701 1375 τῆν
725 1282 913 1375 άσφάλειαν.
967 1281 1035 1352 εἶτα
1063 1285 1124 1352 τοῦ
1147 1288 1263 1369 καιροῦ
1275 1288 1335 1369 τῆς

248 1392 392 1478 φυλακῆς
415 1391 634 1472 πληρουμένου
655 1387 677 1475 ἡ
699 1391 758 1472 μὲν
776 1388 920 1473 βοήσασα
936 1386 1016 1471 πρὸς
1043 1382 1144 1453 ὕπνον
1164 1383 1335 1473 δτράπη,η“

228 1493 286 1557 ’δὲ
304 1485 363 1572 την
383 1486 536 1571 διαδοχὴν
558 1491 729 1574 δεξαμένη,
750 1481 788 1573 ἧς
816 1487 929 1571 ἔτυχεν
952 1483 1150 1575 ἀσφαλείας,
1170 1488 1228 1551 καί
1248 1487 1335 1550 οἷντέ·

249 1591 330 1655 δῶκε
352 1597 421 1663 ταῖς
442 1592 575 1664 λοιπαῖς.
629 1584 714 1653 οὕτω
732 1593 793 1671 μὲν
814 1582 872 1653 οὖν
893 1589 949 1653 καί
965 1587 999 1653 τδ
1024 1590 1085 1653 τῶν
1105 1587 1274 1671 πελαργῶν
1297 1588 1335 1661 εἰς

248 1687 394 1773 ἔκπληξιν
416 1681 487 1770 άγει
506 1684 625 1766 πάντας
644 1689 708 1755 τῶν
729 1691 966 1775 διαληφθέντων
995 1690 1052 1753 calx
1074 1683 1218 1751 ἔλασσον.
1257 1687 1335 1751 ἐκεῖ.

248 1810 297 1853 νοι
329 1785 390 1871 γάρ
423 1785 479 1852 τάν
509 1791 629 1873 πατέρα
657 1786 719 1852 ὖπὸ
739 1790 797 1854 τοῦ
814 1787 932 1873 γηρους
952 1783 1233 1871 πτερορρυήσαντα
1251 1810 1335 1870 περι·

249 1884 378 1963 στάντες
398 1889 433 1951 ἐν
453 1883 555 1975 κάκλιρ
575 1896 641 1964 τοῖς
661 1888 787 1963 οἰκείοις
808 1897 932 1973 πτεροῖς
953 1885 1187 1967 διαθάλπουσι,
1208 1887 1266 1950 καί
1285 1883 1335 1961 τάς

167 1985 369 2074 λλ3ττροφάς
391 1984 543 2075 ἀφθόνως
577 1988 869 2075 παρασκευάζοντες
897 1987 1050 2072 βοήθειαν
1079 1986 1168 2074 ου’τῷ
1203 1983 1286 2049 κατά
1307 2007 1335 2068 γι

249 2085 308 2172 την
328 2089 441 2171 πτῆσιν
461 2091 676 2172 παρέχουσιν,
697 2091 804 2173 η’ρέμα
823 2092 867 2174 τῷ
885 2090 987 2173 πτερῷ
1008 2087 1211 2171 κουφίζοντες
1232 2077 1335 2148 ἑκατὲι

147 2210 149 2216 ’
251 2191 365 2272 ρωδεν.
414 2190 470 2251 καί
486 2184 588 2264 οάτως
619 2189 699 2253 πᾶσι
718 2193 811 2254 τοῦτο
833 2182 1039 2270 διαβεβόηται
1058 2180 1101 2260 ῶς
1120 2186 1270 2250 ἐντεῦθεν
1290 2210 1335 2248 και

222 2298 340 2362 Βτινας
366 2283 422 2368 τη“ν
452 2287 515 2350 τῶν
544 2283 804 2372 ευέργετημάτων
826 2286 988 2351 ἀντίδοσιν
1016 2284 1183 2365 ὀνομάζειν
1210 2284 1335 2348 άντιπε.

251 2380 421 2468 λάργωσιν.
471 2384 584 2469 μηδείς
610 2377 668 2450 οὖν
698 2381 753 2451 διά
772 2387 881 2453 πενίαν
909 2383 965 2472 την
985 2381 1086 2449 αὖτοῦ
1101 2376 1335 2466 άπυγινοοοκίτσ

254 2479 349 2565 ζωήν.

253 2731 358 2768 morum
376 2713 594 2768 mausuetudine.
611 2732 673 2768 nam
691 2716 802 2770 stimulo
823 2714 933 2786 quidem
954 2719 1006 2767 rei
1018 2713 1157 2784 praeditus
1174 2720 1231 2778 cst,
1248 2730 1335 2767 verum

253 2787 289 2838 ad
305 2786 451 2839 vindictam
479 2802 511 2839 εο
538 2803 594 2839 non
619 2788 712 2840 utitur.
742 2794 806 2839 sunt
822 2786 874 2838 hae
888 2788 960 2854 leges
979 2786 1114 2856 quaedam
1131 2803 1186 2836 non
1203 2787 1335 2856 sculptae<¹

253 2857 303 2910 sed
319 2857 352 2908 ab
369 2859 429 2927 ipsa
447 2857 585 2927 prolectas
611 2868 725 2920 natura,
742 2866 773 2911 ut
792 2859 840 2927 qui
856 2857 975 2909 maximia
992 2857 1112 2927 imperiis
1130 2857 1288 2926 potiuntur,
1306 2857 1335 2908 ad

252 2928 422 2997 puniendum
446 2928 520 2979 tardi
543 2929 604 2980 sint.
617 2937 645 2981 ct
672 2927 783 2998 quidem
801 2929 824 2979 ai
850 2944 921 2998 quae
939 2943 1002 2996 apes
1026 2927 1179 2996 exemplum
1208 2929 1280 2996 regis
1298 2927 1335 2980 aui

253 3015 311 3050 non
332 2999 486 3060 imitantur,
508 2997 597 3049 defixo
613 3000 723 3051 stimulo
736 2999 816 3052 ahnul
835 3000 1004 3051 emoriuntur
1022 2998 1157 3069 dignaque
1175 2998 1335 3052 crudelitate

255 3085 304 3120 aua
321 3070 441 3138 praemia
463 3079 674 3140 consequuntur.
727 3109 729 3115 .
825 3117 833 3141 ,

326 3139 383 3190 Hoc
400 3140 481 3190 etiam
498 3157 547 3192 noa
574 3140 700 3193 admirari
720 3158 769 3212 par
786 3148 841 3205 eat,
862 3156 916 3209 quo
934 3145 1014 3210 pacto
1032 3155 1110 3207 grues
1128 3145 1275 3193 nocturnas
1295 3157 1335 3194 ει

256 3206 349 3261 cubias
370 3225 419 3279 per
436 3211 507 3262 vices
528 3210 641 3274 obeant,
663 3211 727 3264 dum
745 3212 816 3264 aliao
835 3211 945 3281 quidam
965 3210 1119 3272 dormiunt,
1136 3211 1205 3262 alian
1225 3214 1335 3264 circum-

257 3279 347 3330 cundo
367 3288 514 3349 praestant,
535 3291 566 3334 ut
580 3299 672 3335 omnes
690 3282 724 3334 ab
742 3284 816 3336 omni
834 3283 956 3352 periculo
973 3299 1022 3352 per
1040 3283 1160 3351 quietem
1180 3291 1258 3334 tutae
1277 3285 1335 3337 sint

256 3348 305 3401 ubi
325 3349 426 3403 deindo
445 3359 550 3420 tempus
567 3353 688 3406 excubiis
704 3356 785 3406 unius
809 3352 972 3405 destinatum
990 3354 1140 3422 praeteriit,
1157 3355 1275 3407 clamore
1295 3357 1335 3407 illa

257 3420 364 3474 sublato
381 3438 410 3475 so
429 3423 516 3491 quieti
537 3422 599 3475 dat:
620 3424 661 3477 ibi
679 3432 737 3477 tum
753 3425 839 3478 altera
855 3424 1002 3476 succedens
1022 3425 1050 3474 in
1072 3425 1129 3477 eiua
1146 3425 1245 3488 locum,
1262 3444 1335 3497 quan

256 3493 331 3546 illius
355 3492 490 3545 beneficio
508 3502 726 3561 consecutust,
752 3497 873 3567 quictem
889 3495 1006 3547 vicissim
1026 3495 1138 3564 reliquis
1157 3504 1244 3549 tutam
1264 3515 1335 3567 prae·

257 3570 318 3616 atat
338 3564 473 3616 consimili
491 3563 572 3617 modo
593 3567 757 3619 ciconiarum
777 3584 886 3637 quoque
913 3567 986 3617 natio
1006 3567 1163 3618 cunctosin
1183 3567 1335 3621 admiratio

256 3651 319 3686 nem
337 3637 424 3706 rapit,
448 3636 501 3686 ium
521 3636 649 3689 indicatis
674 3638 748 3690 haud
765 3638 872 3690 cedens.
894 3654 956 3688 nam
975 3644 1095 3705 patrem,
1113 3638 1160 3706 qui
1178 3650 1245 3707 prae
1264 3641 1335 3691 seni(

256 3720 359 3773 pennas
384 3707 490 3767 amisit,
511 3699 634 3778 undi'qua
664 3709 866 3763 circumstantes
896 3708 946 3759 alis
962 3707 1079 3775 propriis
1100 3708 1205 3774 fovent,
1224 3712 1335 3762 alimen-

257 3783 315 3827 tum
334 3778 376 3828 illi
400 3776 509 3829 abunde
533 3779 726 3849 suppeditant,
750 3789 832 3852 atquc
850 3781 931 3833 ctiam
950 3777 980 3828 in
996 3779 1089 3829 volatu
1110 3779 1221 3843 iuvant,
1242 3782 1335 3834 lenitei

257 3859 319 3897 eum
341 3845 375 3898 ab
394 3857 510 3920 utraque
527 3859 605 3919 parte
623 3851 804 3907 sublevantes.
827 3850 902 3923 quod
921 3847 1031 3918 quidem
1049 3866 1136 3918 usqua
1155 3851 1224 3903 adeo
1243 3854 1335 3922 pasaiu

210 3944 215 3949 -
257 3914 329 3984 apud
358 3935 449 3971 omnes
476 3921 662 3992 pervulgatum
690 3931 747 3988 cst,
772 3932 805 3977 ut
822 3922 872 3974 hac
890 3921 924 3972 de
942 3936 1022 3970 causa
1037 3920 1165 3971 nonnulli
1183 3940 1335 3994 compensa⁴

257 3987 360 4038 tionem
386 3988 581 4044 beneficiorum
599 3994 738 4065 appellare
758 4002 878 4047 mutuam
897 3991 1060 4043 ciconiarum
1077 3991 1207 4060 pietatem
1228 4011 1335 4050 consuo

257 4057 353 4180 υεῑτίυίη
371 4075 426 4127 quo
440 4064 565 4183 {xcmplo
583 4067 687 4119 moueri
704 4082 754 4118 nos
771 4064 898 4117 convenit
916 4077 950 4113 nc
969 4062 1031 4131 quia
1050 4061 1085 4113 ob
1101 4072 1292 4135 paupertatem
1310 4065 1335 4118 δι

258 4144 284 4177 τι
299 4145 312 4177 a
351 4145 464 4200 capere.
