2766 4800
242 233 297 319 26
573 257 789 324 uscumus
818 255 983 322 ossum

238 455 303 508 τοις
326 434 426 514 ἐστίν,
448 432 482 498 ἐν
496 434 563 506 τοϊς
580 430 782 513 δριμυτέροις
792 430 855 493 τῶν
869 422 1057 512 σπερμάτων
1067 429 1210 515 φυσικούς
1229 423 1332 517 άπορ-

238 541 306 618 ρεί,
327 535 383 597 καί
401 536 521 616 γίνεται
548 526 584 593 τδ
607 531 820 614 καταλειφθὲν
841 522 1062 596 εὐωδέστατον.
1117 524 1197 592 άλλά
1218 533 1273 595 καί
1291 532 1328 597 τὸ

237 632 376 718 πήγανον
405 628 467 695 ύπύ
487 631 526 716 τῇ
560 630 642 714 συκῇ
661 627 878 714 φυτευόμενον
898 626 1086 713 δριμύτερον
1107 625 1228 692 ἓαυτού
1246 631 1329 713 γίνε-

155 750 158 755 ’
238 755 311 797 ται·
353 732 557 813 μετατίθεται
591 725 651 811 γάρ
675 729 721 803 εἰς
744 725 825 791 αύτό
849 725 886 792 τύ
909 729 944 790 ἐν
969 728 1009 813 τῇ
1029 727 1109 814 συκῇ
1128 726 1330 812 βαρύοσμον,

239 829 411 895 κάντεύθεν
428 825 542 912 βελτίω
563 823 604 890 τά
626 828 708 892 σύκα
732 828 862 910 γίνεται.
902 823 982 891 άλλάι
1004 824 1060 890 καί
1077 828 1153 911 κρὲρ
1174 826 1246 892 τινά
1268 827 1358 892 ssu-5

118 983 123 992 .
181 973 182 976 η
239 927 282 1014 ρά
307 931 348 1018 τῇ
378 931 459 1016 συκῇ
490 928 729 1012 κρεμαννύμενα
756 917 921 1012 εύθρυπτα
940 923 1081 1010 γίνεται.
1121 924 1155 990 τύ
1180 925 1242 1011 γάρ
1268 952 1332 1014 φυ-

238 1028 301 1110 τύιι,
322 1024 364 1105 oie
385 1025 518 1113 εἴρηται,
540 1026 656 1112 ῆσυκῆ
677 1024 826 1091 ἁπάντων
849 1024 933 1092 ἐστίν
953 1027 1181 1091 ὀπωδέστατον.
1207 1026 1332 1108 θερμὸτ

238 1131 363 1210 πνεῦμα
391 1126 446 1192 καί
479 1125 577 1212 δριμύ
601 1127 658 1189 καί
676 1124 826 1210 τμητικὸν
848 1128 984 1212 α’φίγσι,
1005 1126 1061 1188 καί
1080 1128 1172 1191 τούτο
1193 1124 1334 1211 θρύπτει

220 1232 294 1294 ,καί
320 1227 464 1292 πεπαίνει
482 1224 540 1312 τήν
570 1227 674 1310 σάρκα
695 1229 754 1290 τού
778 1218 913 1311 ὄρνιθος.
957 1221 1030 1290 ὅθεν
1050 1227 1104 1289 καί
1125 1227 1188 1290 τῶν
1205 1225 1334 1311 ταύρων

205 1324 256 1396 ni
275 1326 499 1411 χαλεπώτατος
531 1327 613 1415 συκῇ
645 1325 834 1411 προσδεθείς
854 1322 991 1411 ἡσυχίαν
1013 1318 1084 1410 άγει
1104 1327 1160 1390 καί
1177 1327 1334 1409 ψαύσεως
1346 1350 1362 1391 r

141 1983 183 2084 ⁸V.
198 2045 224 2083 ιι

238 1428 398 1510 ἀνέχεται,
419 1429 475 1490 καί
495 1421 576 1502 δλως
597 1425 712 1513 άφίησι
733 1423 790 1490 τόν
812 1423 919 1507 θυμύν
940 1420 1046 1510 ὥσπερ
1070 1422 1333 1509 α’πομαραινύμε-

236 1551 300 1604 νος.
340 1529 434 1591 τοῦτο
456 1530 532 1611 γούν
549 1521 584 1592 τύ
603 1527 727 1607 πνεῦμα
749 1523 805 1590 καί
821 1532 888 1601 τοῖς
899 1528 1011 1611 κρέασι
1030 1533 1224 1610 προσπῖπτον
1246 1527 1334 1590 διαι-

237 1633 291 1711 ρεῖ
305 1622 360 1711 τὴν
378 1626 482 1710 σάρκα
503 1625 559 1690 καί
579 1625 802 1710 περιθρύατει.
826 1623 878 1689 διά
900 1629 1001 1690 ταῦτα
1020 1624 1076 1690 καί
1099 1622 1159 1710 πρὸ
1175 1627 1232 1709 τῆς
1255 1631 1334 1709 γλυ·

237 1729 326 1800 κείας
345 1727 444 1808 συκῆς
467 1727 561 1809 ἕτερα
579 1726 662 1788 σύκα
676 1723 829 1808 λεγόμενα
846 1715 975 1788 ύλυνθοι
988 1721 1045 1809 τήν
1058 1717 1217 1808 άχρηστον
1237 1720 1333 1810 ύγρύ-

237 1849 318 1908 τρτα
339 1827 396 1889 τού
417 1827 521 1910 φυτού
534 1827 568 1888 ἐν
587 1820 710 1899 ἑαυτοῖς
730 1825 857 1888 ἕλκοντα
874 1826 1087 1909 χρηστοτάραν
1108 1820 1234 1910 ἀφίησι.
1277 1825 1357 1893 διάι

236 1922 330 1989 τούτύ
364 1949 445 2010 φησι
473 1927 530 1988 καί
559 1924 579 2010 ἦ
609 1922 719 2010 γραφή
749 1918 789 2007 ,,ἧ
817 1926 899 2008 συκῆ
922 1918 1061 2007 ἐξήνεγκε
1082 1925 1156 1999 τούς
1173 1920 1334 2002 ὀλύνθους

238 2027 369 2108 αύτῆς,”
387 2027 558 2106 τουτέστιν,
579 2023 600 2109 ἦ
621 2022 712 2109 ψυχὴ
728 2021 782 2088 διά
803 2023 992 2108 καθάρσεως
1013 2019 1048 2089 τύ
1064 2018 1225 2111 ἄχρηστον
1246 2019 1333 2090 ἅπαν

236 2121 340 2210 ὥσπερ
367 2115 503 2189 ὄλονθον
523 2123 664 2207 ε”ξύνεγκε
686 2126 742 2189 καί
762 2126 995 2207 α’πωχέτευσεν.

317 2227 400 2291 Ἀλλ’
420 2225 496 2289 otte
517 2222 611 2289 τούτό
632 2247 669 2289 σε
691 2225 915 2309 παραδραμεῖν
935 2217 1046 2303 ύξιον·
1084 2224 1176 2309 λύγος
1197 2224 1257 2311 γάρ
1279 2249 1329 2302 τις

158 2326 305 2405 Patiens*
324 2328 380 2388 καί
399 2321 434 2389 τύ
455 2318 604 2408 ἤλεκτρον
627 2320 704 2388 ὄπύν
724 2317 805 2388 εἶναι
818 2327 926 2409 φυτῶν
948 2325 994 2398 είς
1013 2328 1108 2389 λίθου
1130 2323 1229 2411 φύσιν
1251 2327 1362 2396 dno-21

237 2425 440 2509 πηγνύμενον.
490 2422 572 2488 άλλά
609 2424 666 2488 καί
692 2422 733 2489 τά
768 2425 828 2507 μὲν
849 2425 912 2488 τῶν
932 2425 1042 2511 φυτῶν
1063 2427 1200 2510 αἐιθαλῆ
1221 2428 1332 2510 γέγονε

307 2618 332 2686 d.
350 2607 381 2671 τύ
401 2616 501 2670 deerat
600 2635 626 2687 γ.
645 2633 680 2671 ια
698 2609 744 2671 διδ
760 2613 895 2691 θερμδνΐ

236 2789 320 2842 tursli
346 2790 451 2850 ratione
472 2789 587 2860 quadum
602 2789 638 2841 ad
656 2791 759 2843 semina
777 2790 825 2841 ills
848 2791 952 2843 notiora
970 2793 1049 2860 qussi
1066 2790 1177 2854 defluit,
1197 2792 1331 2863 quodque

236 2862 371 2932 reiiquum
384 2870 433 2924 est,
451 2861 691 2929 fragrantissimum
709 2879 740 2912 uc
754 2863 942 2914 suavissimum
953 2863 1085 2914 efficitur.
1103 2865 1185 2914 etiam
1199 2873 1260 2915 ruta
1278 2865 1331 2916 sub

235 2933 288 2983 ficu
307 2933 329 2984 si
349 2942 469 2996 seratur,
490 2933 579 3001 seipsa
598 2933 630 2983 fit
649 2933 748 2984 acrior:
766 2950 829 2983 nam
850 2933 924 3002 quod
942 2935 1029 3002 gravis
1048 2943 1090 2985 est
1107 2924 1199 2986 odoris
1218 2936 1247 2985 in
1266 2936 1331 2999 ficu,

235 3003 370 3071 adipsum
396 3002 573 3066 transfertur,
593 3019 647 3072 qun
667 3004 725 3072 ipsa
746 3021 826 3055 causa
845 3005 889 3056 sici
908 3004 1035 3056 meliores
1053 3006 1219 3058 efficiuntur.
1236 3023 1331 3076 neque

234 3082 340 3127 tantum
359 3073 411 3125 hoc
428 3072 528 3125 accidit
544 3074 575 3125 in
594 3082 671 3138 τοτα,
689 3075 737 3126 sed
756 3075 838 3126 etium
850 3084 940 3128 certae
958 3092 1051 3127 carnes
1069 3076 1104 3128 nd
1125 3078 1205 3127 ficum
1223 3093 1332 3146 appeu-

234 3162 281 3197 sse
298 3144 438 3196 molliores
467 3142 697 3215 delicatioresque
726 3144 884 3198 redduntur.
912 3147 1059 3198 namficus
1080 3147 1234 3211 orbor,11ti
1256 3148 1331 3199 dini-

234 3232 306 3277 ιιαι,
334 3215 406 3266 inter
423 3231 516 3267 omnes
534 3216 600 3267 aiios
621 3217 694 3268 succi
712 3217 871 3286 plenissima
889 3227 938 3271 est
960 3218 1137 3288 quamobrem
1155 3218 1273 3270 holitum
1295 3235 1331 3269 ex

235 3303 264 3338 se
279 3284 405 3349 calidum,
426 3300 523 3349 nerem,
542 3286 652 3339 secandi
670 3287 887 3360 penetrandique
904 3291 960 3341 vim
969 3289 1124 3356 &abentem
1143 3289 1260 3354 emittm
1279 3291 1330 3358 qui

235 3356 347 3428 quidem
376 3358 466 3408 svium
494 3357 663 3479 Quarundam
687 3376 781 3412 carues
799 3361 890 3413 mollit
914 3361 1093 3413 acrmrnnihil
1108 3362 1209 3429 coquit.
1233 3359 1332 3412 endem

235 3444 269 3479 ex
292 3445 372 3479 causo
391 3428 423 3480 fit
442 3444 496 3498 quo
535 3431 616 3480 etism
635 3430 796 3483 ferocissimi
816 3432 886 3483 tauri
904 3431 940 3483 sd
960 3434 1040 3484 ficum
1057 3432 1163 3501 alligati
1180 3431 1333 3501 quiescunt

234 3507 264 3551 et
281 3499 356 3568 tangi
375 3515 404 3550 se
424 3500 567 3569 patiuntur
583 3502 713 3571 omnique
730 3519 840 3573 prorsus
859 3502 1000 3555 iracundia
1020 3504 1130 3555 remissa
1148 3511 1254 3554 tuntum
1273 3519 1331 3554 non

233 3578 410 3625 marcescunt.
432 3571 517 3639 igitur
533 3572 607 3623 idem
625 3572 728 3624 halitus
747 3574 799 3625 iste
817 3574 848 3626 in
865 3591 959 3627 carnes
978 3574 1102 3626 incidens
1121 3591 1165 3626 ess
1185 3574 1265 3644 qussi
1284 3573 1331 3625 di-

234 3640 303 3694 vidi
316 3659 347 3694 nc
365 3643 516 3695 teneriores
535 3643 609 3695 facit
626 3643 723 3695 itidem
742 3652 805 3697 ante
826 3645 928 3697 fructus
947 3645 1050 3697 arborio
1068 3645 1150 3696 huius
1169 3645 1264 3697 dulces
1284 3661 1332 3695 or-

235 3718 281 3764 tae
308 3713 374 3764 ficus
397 3715 574 3779 immaturae,
600 3729 789 3784 qussgrossos
814 3716 943 3779 dicimus,
960 3717 1087 3768 inutilem
1108 3717 1166 3767 eius
1186 3715 1331 3767 humorem

234 3782 396 3847 attrahunt,
423 3780 522 3838 r'elicto
554 3801 634 3837 succo
667 3787 714 3857 qui
734 3788 832 3838 melior
852 3797 901 3841 est
919 3797 1064 3858 propterea
1082 3788 1163 3839 sacris
1181 3788 1210 3838 in
1227 3787 1331 3838 titteris

236 3853 337 3906 dicitur
354 3855 449 3926 (eant,
468 3873 484 3907 2
509 3856 557 3928 ιδ)
587 3856 671 3922 „ficus
690 3874 795 3941 ριοειοι
814 3876 876 3911 suos
894 3860 1009 3910 extrusit
1018 3860 1042 3921 ‚’'
1068 3857 1120 3909 hoc
1139 3867 1201 3920 est,
1222 3860 1333 3911 animus

234 3941 285 3995 per
303 3927 492 3995 purgationem
522 3928 564 3980 sui
591 3928 724 4000 quicquid
747 3938 790 3982 est
807 3930 906 3982 inutile
930 3938 1058 4000 tunquam
1073 3946 1193 3998 grossum
1214 3929 1333 3981 extrusit

235 4004 265 4049 et
285 4006 406 4048 extruso
426 3999 525 4052 emisit.

306 4068 348 4120 Ne
365 4067 394 4119 id
411 4070 523 4140 quidem
548 4069 638 4122 omitti
663 4087 677 4120 n
702 4070 780 4122 uobis
800 4069 892 4123 debete
919 4069 997 4121 aiunt
1013 4070 1143 4123 electrum
1160 4070 1231 4122 nihil
1251 4070 1332 4122 uliud

236 4153 296 4192 esse
316 4156 398 4210 quom
414 4157 522 4195 soccum
539 4140 665 4195 urbornm
683 4141 712 4194 iu
728 4139 865 4212 upidsam
884 4141 962 4212 qussi
979 4140 1258 4215 qmudsm‘nstussm
1276 4140 1333 4194 dus
