2766 4800
187 219 241 303 32
529 241 745 307 armanus
775 239 940 313 ennean

115 424 117 427 ·
184 401 240 465 καί
265 395 465 480 μαρτυροῦσι
491 394 635 485 τῷλόγῳ
657 394 697 462 τά
723 396 856 479 μέγιστα
880 398 942 460 νῦν
961 391 1064 477 δρῦν,
1087 390 1159 460 ὅτε
1180 395 1279 462 Kart-
1328 427 1340 448 s

157 572 166 579 Γ
183 514 307 579 aanor,
328 494 346 559 ό
368 493 582 577 Παρνασσός,
614 497 635 580 ἡ
661 497 818 580 Πυρηνη,
838 494 895 559 καί
914 489 973 560 ὅσα
993 494 1142 560 τοιαῦτα·
1167 499 1279 578 μέγι-

184 618 255 661 στοι
273 593 336 677 γάρ
357 595 477 658 ἐκεῖθεν
496 593 608 680 ῥέουσι
628 593 764 674 ποταμοὶ
783 592 839 670 τάς
860 593 962 678 άρχάς
983 591 1105 681 ἔχοντες
1126 592 1189 658 ’άπὸ
1209 599 1278 659 τῶν

185 693 331 776 μεγάλων
350 699 468 777 πηγῶν.
517 696 573 759 καὶ
602 700 637 758 τί
651 692 713 778 χρὴ
739 693 838 758 πολλά
858 697 980 777 λέγειν,·
998 692 1101 778 πάσης
1123 698 1278 774 ποταμοῖν

153 795 311 879 Βρόοεως
331 792 386 857 καί
406 789 602 875 άμπάτιδος,
623 799 678 857 καί
699 796 762 857 tois
784 787 845 857 δ’σα
866 791 1003 880 φυσικάς
1024 790 1091 876 ἔχει
1111 792 1169 868 τάς
1187 793 1308 878 stup-5

186 918 251 968 σεις
271 897 326 957 καί
344 891 402 967 τάς
425 892 549 976 άρχάς,
570 896 697 958 πάντων
720 891 820 968 αἴτιος
837 892 856 956 ’ὁ
881 889 968 976 ἥλιός
983 896 1067 975 ἐστι,
1087 891 1174 976 παρά
1193 899 1279 958 θεοῦ
1364 944 1366 946 -

185 988 245 1074 ’την
265 995 448 1075 παντοδαπῇ
468 989 587 1075 ταύτην
608 991 715 1073 λαβών
737 995 904 1077 ἐνέργειαν.
946 989 1006 1076 όρα
1026 991 1085 1076 γάρ
1108 988 1155 1057 ὅτι
1174 1018 1278 1078 poor.

184 1095 224 1178 κῇ
244 1090 378 1172 δυνάμει
412 1094 468 1154 καί
487 1093 653 1180 περιουσίᾳ
685 1091 892 1175 θερμότητος.
906 1088 1046 1166 ἑλκτικάς
1073 1094 1142 1157 ε’στι
1164 1097 1219 1176 τῆς
1242 1096 1279 1158 ἐν

186 1196 230 1278 aqi
248 1187 347 1274 βάθει
370 1186 550 1273 ὑγρότητος.
572 1185 647 1255 ὅθεν
675 1187 769 1275 ἔαρος
789 1195 844 1256 καί
862 1196 977 1276 θέρους
997 1191 1177 1276 πλησιάζων
1193 1192 1280 1276 ,ἡμῖν

184 1291 307 1355 ἀνέλκει
329 1289 387 1371 την
408 1290 441 1353 έν
460 1298 523 1365 τοῖς
545 1292 686 1372 δένδροις
704 1288 823 1371 ἰκμάδα
845 1294 900 1356 καί
920 1289 1062 1375 ἔγκαρπα
1081 1295 1181 1356 ταῦτα
1201 1316 1276 1357 ποι·
1291 1321 1333 1362 το

168 1398 224 1456 εἴ.
265 1389 367 1452 αὐτοῦ
398 1387 432 1453 τό
452 1391 566 1474 θέρος,
598 1384 696 1455 αῦτοῦ
713 1388 749 1455 τό
778 1389 962 1476 μετόπωρον
981 1385 999 1455 ό
1020 1415 1055 1458 τε
1075 1389 1199 1475 χειμών
1218 1393 1279 1457 καὶ

184 1487 225 1553 τά
247 1485 350 1553 λοιπά.
588 1558 602 1571 N
1171 1559 1175 1566 ,

261 1585 300 1649 Ὁ
318 1588 427 1667 μέντοι
450 1591 578 1666 Νεῖλος,
603 1589 758 1674 α’γαπηιέ,
775 1587 854 1655 κατά
879 1588 936 1674 τήν
955 1592 1085 1673 θερινὴν
1106 1586 1197 1675 σάρον
1213 1581 1281 1656 αῦ-

184 1689 290 1764 ξειαι·
338 1685 453 1762 παντός
471 1686 533 1772 γάρ
567 1692 683 1775 νέφους
713 1686 766 1787 ῦμ’
797 1691 921 1771 άνέμων
948 1692 1156 1771 ἐλαυνομένου
1176 1693 1280 1776 μέχρι

184 1788 240 1868 τῆς
259 1789 451 1868 κενουμένης
472 1784 588 1872 ζώνης,
612 1789 780 1854 κάντεῦθεν
800 1789 896 1853 ῦετοῦ
915 1787 1033 1872 λάβρον
1056 1784 1249 1874 ῥηγνυμένου
1267 1838 1277 1873 ‚
1293 1796 1333 1860 15

185 1884 319 1966 σ’ργοῖται
341 1890 459 1961 Νεῖλος
491 1891 547 1952 xor*
579 1886 722 1969 ποταμός
743 1884 825 1954 εἶναι
854 1892 913 1953 οοίι
933 1888 1095 1971 άνέχεται·
1137 1891 1194 1973 τῆς
1212 1886 1278 1974 γάρ

181 1985 302 2059 -οῖκειάς
335 1977 436 2069 ῦχθης
466 1986 629 2070 ἐξέρχεται
661 1985 718 2052 καί
741 1991 1004 2067 καταθαλαττιζει
1023 1986 1080 2072 την
1099 1987 1280 2073 Αἴγυπτον.

100 2091 130 2147 Ρ.
144 2109 172 2162 ιη
185 2081 239 2146 καί
257 2083 376 2166 γλυκῦς
402 2088 462 2165 μὲν
502 2085 517 2149 ό
541 2089 658 2161 Νεῖλος
680 2091 729 2172 (ἐξ
748 2079 878 2173 ὄμβρων
896 2088 998 2169 γάρ),
1016 2086 1152 2173 χλιαρὸς
1172 2091 1208 2153 δὲ
1231 2089 1281 2166 οἷς

182 2185 217 2248 ἐκ
240 2183 433 2267 θερμότητος
468 2184 650 2269 άρξάμενος.
703 2185 781 2262 κατά
803 2190 896 2253 τοῦτο
918 2191 973 2251 κατ’
990 2181 1094 2273 αῦρας
1109 2190 1175 2260 ονίι
1197 2189 1279 2254 duo·

181 2284 330 2359 δι’δωσιν,
355 2281 398 2357 τός
419 2280 449 2346 ot
478 2282 584 2352 λοιποὶ
610 2283 767 2364 ποταμοῦ·
810 2289 875 2368 τῶν
894 2285 955 2369 γάρ
978 2288 1081 2374 νεφῶν
1102 2289 1331 2368 έλαυνομέ-σο
1360 2303 1364 2309 ’

181 2403 263 2461 νων,
296 2381 339 2455 οἷς
360 2378 503 2464 εἴρηται,
536 2372 598 2446 ῦπδ
633 2388 695 2448 τάν
722 2384 853 2469 ἐτησίων
883 2386 1021 2468 άνέμων,
1043 2388 1063 2470 ἦ
1085 2389 1277 2471 ε’μπεριεχο.

181 2483 260 2564 μένη
288 2480 410 2556 τούτοις
447 2480 541 2562 άτμδς
570 2480 632 2546 ῦπά
655 2486 713 2547 τοῦ
727 2481 811 2573 κατά
839 2482 956 2558 τόπους
977 2485 1144 2569 ποράδοος
1163 2481 1278 2552 άπασα

182 2579 403 2664 έξικμάζεται,
423 2582 479 2648 καί
498 2580 613 2648 τοῦτου
633 2580 732 2669 χάριν
747 2575 1019 2671 §Natioc‘eaipeg
1039 2585 1095 2648 οῦκ
1116 2583 1277 2652 άναδίδω-

183 2868 288 2914 montes
306 2862 386 2930 longe
402 2862 512 2913 maximi
531 2867 670 2924 testantur,
687 2860 811 2912 nimirum
824 2859 970 2925 Caucasua,
987 2860 1145 2923 Parnassus,
1162 2861 1276 2927 Pyrene,

185 2934 298 2985 caeteri:
318 2950 378 2984 nam
398 2950 431 2983 ex
452 2934 490 2984 eis
506 2949 596 2983 amnes
614 2932 769 3000 amplissimi
777 2941 951 3053 promanant,
971 2930 1005 2982 de
1022 2933 1123 2999 magnis
1141 2932 1192 2982 orti
1210 2932 1276 2983 fon-

184 3004 266 3056 tibus.
294 3013 323 3055 et
352 3002 419 3071 quid
439 3002 489 3054 hac
512 3002 545 3053 de
573 3020 600 3054 re
618 3003 747 3071 prolixius
795 3005 870 3055 isseri
888 3019 955 3072 opus
975 3003 1033 3054 est?
1051 3002 1135 3053 omnis
1154 3002 1276 3054 amnium

184 3074 320 3135 fluxionis,
340 3075 425 3125 omnis
444 3075 669 3141 reciprocationis,
688 3074 852 3143 aliarumque
869 3091 957 3125 rerum
974 3075 1003 3124 in
1021 3072 1108 3123 fluviis
1127 3089 1195 3141 quae
1212 3090 1276 3123 mo-

186 3153 229 3195 tus
249 3154 276 3195 et
291 3161 387 3209 ‘causas
411 3145 546 3212 naturales
567 3144 684 3206 habent,
710 3145 752 3196 sol
775 3154 867 3196 auctor
891 3154 947 3207 est,
973 3161 988 3195 a
1014 3143 1065 3196 cleo
1084 3144 1276 3195 efficacitatem

186 3213 256 3265 hanc
276 3215 443 3281 omnigenam
464 3221 631 3266 consecutus.
650 3215 698 3265 iile
717 3216 833 3267 naturali
847 3216 961 3286 quadam
979 3215 1004 3266 ri
1022 3215 1205 3282 facultateque
1222 3230 1276 3265 sua

186 3293 215 3337 et
233 3285 327 3336 caloris
345 3284 511 3336 abundantia
529 3285 653 3337 humores
670 3287 735 3338 imos
753 3304 916 3339 commorere
929 3294 1027 3356 potest
1042 3302 1096 3354 quo
1116 3285 1147 3335 fit
1165 3291 1196 3335 ut
1210 3300 1276 3335 ver-

185 3372 223 3407 no
244 3357 400 3423 aestivoque
425 3364 545 3424 tempore
562 3359 672 3427 propius
686 3356 722 3407 ad
739 3375 788 3408 nos
815 3358 944 3409 accedens
964 3374 1071 3409 succum
1087 3357 1116 3406 in
1133 3353 1276 3408 arboribus

185 3443 290 3546 ¹sursum
322 3425 429 3490 trahat,
458 3443 557 3496 easque
584 3428 724 3496 frugiferas
744 3428 848 3481 reddat.
865 3429 922 3481 eius
941 3437 982 3480 est
999 3436 1101 3490 aestas,
1118 3434 1276 3491 autumnus,

195 3512 279 3546 uems.

255 3567 311 3619 Nili
335 3567 499 3619 incrementa
525 3585 573 3637 per
590 3578 720 3621 aestatem
743 3571 819 3622 fiunt.
841 3572 944 3641 quippe
962 3577 1019 3621 tum
1039 3566 1125 3620 nubes
1145 3583 1237 3618 omnes
1257 3584 1274 3619 a

185 3640 273 3691 ventis
293 3637 327 3687 ad
352 3638 477 3689 torridam
500 3656 585 3708 usque
603 3659 697 3693 zonam
724 3640 883 3711 abiguntur,
903 3641 950 3692 ubi
968 3638 1129 3690 vehemente
1147 3639 1274 3707 copiosa-

186 3725 240 3779 que
268 3709 358 3778 pluvia
385 3709 494 3778 delapsa
526 3713 653 3778 turgescit
668 3712 764 3776 Nilus,
792 3730 843 3765 nec
861 3729 889 3763 ae
902 3729 951 3780 pro
967 3710 1077 3760 flumine
1096 3709 1189 3760 baberi
1210 3708 1274 3761 vult

185 3781 309 3849 amplius.
333 3797 394 3831 nam
421 3781 491 3850 ripas
516 3798 576 3832 suas
603 3783 756 3852 egreditur,
782 3793 810 3836 et
827 3785 977 3851 Aegyptum
996 3780 1177 3833 exundatione
1193 3780 1274 3848 quasi

185 3851 287 3901 marina
303 3850 418 3919 quadam
443 3853 539 3921 operit.
563 3860 592 3904 et
611 3845 697 3906 duleis
713 3855 762 3906 ille
780 3853 890 3924 quidem
907 3862 964 3914 est,
992 3861 1120 3921 tanquam
1138 3869 1154 3901 a
1170 3850 1275 3919 pluviis

187 3929 276 3982 onus,
299 3922 344 3972 aed
363 3921 478 3992 tepidus,
500 3924 541 3974 uti
559 3924 634 3976 cuius
653 3924 685 3976 ab
707 3935 782 3978 aestu
802 3926 838 3976 sit
856 3924 1025 3994 principium.
1042 3922 1136 3975 eadem
1154 3921 1190 3972 de
1208 3937 1276 3971 cau·

187 4009 216 4043 aa
237 3993 401 4060 reliquorum
430 3995 546 4044 amnium
572 4012 646 4048 more
663 3996 752 4048 nullas
776 4012 853 4046 auras
871 3994 993 4063 praebet.
1012 4011 1073 4045 nam
1092 4010 1151 4045 cum
1168 3990 1275 4052 nobes,

185 4069 218 4112 ut
232 4071 312 4114 antea
330 4063 462 4128 diximus,
482 4083 496 4115 a
513 4067 601 4117 ventis
619 4067 803 4118 anniversariis
823 4064 980 4133 abigantur,
998 4083 1081 4136 vapor
1101 4064 1188 4117 amaia
1205 4063 1276 4113 resi-

191 4131 261 4186 duus
278 4132 313 4184 ab
331 4151 423 4187 eorum
442 4136 561 4187 locorum
579 4145 655 4190 aestu
672 4135 851 4202 conmoritur,
869 4154 937 4206 quae
956 4141 1023 4194 ratio
1041 4145 1082 4190 est
1098 4131 1276 4206 quamobrem
