2766 4800
509 250 768 344 enoomrnn.
1110 259 1180 327 ιιιιι
1286 345 1292 353 ,

105 422 235 490 tuturo,
255 404 331 472 libet
349 405 500 470 hocloco
529 409 755 493 spectatoribus
774 407 907 472 bominis
922 412 1039 477 ,Graeci
1059 422 1090 475 et
1110 436 1181 477 om.

104 517 172 576 nino
197 512 345 573 hactenus
365 509 533 590 incogniti,
567 509 644 592 quid
667 509 712 568 ius
736 509 866 570 civitatis
895 509 1021 595 adeptus
1050 514 1182 577 vicissim

102 615 144 676 rei
163 611 307 696 publicae
329 610 446 670 sauctus
469 628 504 671 er
525 627 557 671 so
579 608 763 692 promittat,
784 630 877 694 quum
894 610 1071 693 brevissime
1091 624 1182 699 poto·

101 717 161 792 rit,
183 711 331 773 indicare.
361 708 506 770 nimirum
526 710 663 792 agnoscit
689 710 721 769 in
753 710 910 772 civitatem
926 711 1046 778 admitti
1066 736 1097 777 sc
1118 737 1182 778 non

99 813 213 876 debere
232 808 351 871 nudum
379 830 414 871 ao
435 808 576 891 inopem,
601 830 640 872 ne
667 807 765 870 lustro
796 819 976 893 appetente,
1006 815 1182 878 censoribus

99 912 318 998 pervulgatum
346 905 421 970 illud
449 928 493 970 cx
511 908 609 969 αιιίιιιί
633 909 780 972 sententia
803 901 1030 992 praesentibus,
1064 925 1182 998 egesta.

100 1024 163 1076 tem
182 1032 255 1073 mox
280 1011 344 1092 ipse
363 1029 449 1070 suam
465 1007 556 1069 fateri
579 1016 729 1089 cogatur,
753 1016 785 1070 et
805 1008 875 1070 loco
896 1019 998 1073 motus
1020 1013 1068 1075 vel
1092 1037 1184 1077 aera.

98 1113 221 1175 riorum
234 1110 269 1172 in
286 1129 448 1170 numerum
463 1106 667 1192 ordinemque
691 1105 788 1192 redigi
810 1109 858 1172 vel
879 1112 981 1195 capite
1000 1116 1117 1176 conseri
1135 1119 1185 1179 vel

97 1231 226 1296 prorsus
247 1211 316 1271 iure
336 1207 467 1270 civitatis
481 1206 630 1284 excidere,
651 1206 737 1292 quod
759 1208 883 1291 quidem
900 1210 1042 1275 amittere
1063 1216 1185 1297 turpius

99 1335 193 1397 quam
216 1310 254 1372 ab
279 1309 368 1370 initio
384 1328 447 1369 non
469 1308 657 1408 impetrasse.
681 1309 884 1392 quamobrem
905 1310 1002 1375 diviso
1028 1314 1060 1375 in
1081 1316 1186 1380 triun.

100 1434 150 1475 ons
170 1410 352 1474 facultatum
367 1407 457 1469 buius
473 1428 545 1484 asse,
567 1406 667 1491 deque
680 1407 716 1468 iis
730 1408 942 1474 aestimatione
958 1413 1055 1494 sacta,
1076 1407 1201 1478 videm

98 1535 167 1576 mus
187 1533 226 1573 an
247 1510 280 1571 in
300 1528 426 1572 censum
449 1505 546 1590 redigi
569 1508 674 1590 possit
699 1509 840 1572 universa
856 1511 970 1595 Glycae
992 1525 1185 1579 comrnenta.

98 1616 148 1678 tio
166 1619 318 1697 quattuor
346 1610 379 1669 in
414 1617 517 1691 partes
538 1616 584 1670 cst
610 1605 785 1672 distributa.
819 1631 926 1674 aarum
955 1615 1057 1696 prima
1078 1638 1186 1679 rerum

96 1714 275 1799 primisset
299 1708 404 1772 diebus
427 1709 465 1770 ab
488 1717 562 1769 ortu
578 1706 685 1769 mundi
701 1708 896 1774 conditarum
921 1717 1186 1779 enumerationem

95 1812 293 1898 praeclaram
313 1809 471 1888 continet,
504 1807 641 1870 immistis
672 1811 783 1892 passim
805 1813 923 1874 arcanis
945 1824 1091 1895 naturae,
1113 1839 1185 1879 cum

100 1911 277 1977 admirabili
311 1908 507 1994 expositionis
537 1907 702 1989 varietate,
725 1932 804 1994 quae
829 1912 1005 1995 religiosum
1028 1927 1061 1979 ct
1079 1940 1187 1979 aman.

104 2024 166 2078 tem
183 2011 303 2098 opificii
321 2009 599 2099 providentiaeque
612 2007 732 2071 divinae
752 2010 902 2074 lectorem
914 2033 978 2075 non
999 2024 1102 2098 potest
1122 2032 1186 2079 non

102 2115 245 2198 singulari
260 2112 417 2194 voluptate
434 2107 566 2194 quadam
582 2107 722 2175 adficere.
741 2110 873 2174 secunda
883 2120 1058 2195 temporum
1076 2117 1187 2176 seriem

98 2216 137 2278 ab
160 2215 251 2276 initio
288 2209 395 2272 mundi
417 2230 524 2293 ,usque
556 2206 595 2270 ad
618 2206 774 2271 Christum
797 2231 838 2272 ,ex
871 2212 1015 2275 ecclesiae
1043 2213 1187 2275 doctrina

96 2316 270 2400 praecipuo
288 2310 396 2384 tradit,
418 2310 535 2372 eteius
557 2329 647 2375 causa
666 2309 716 2371 cui
737 2308 853 2372 librum
875 2312 1047 2376 elaboravit
1068 2315 1187 2396 (appel.

68 2417 142 2487 §lat
162 2422 265 2476 autem
294 2411 378 2473 bunc
407 2409 515 2488 filium)
547 2409 679 2491 plurima
700 2408 738 2473 de
770 2413 862 2473 sacris
884 2414 1050 2476 intorterit.
1072 2417 1188 2499 quippe

95 2515 277 2599 primorum
304 2511 509 2593 imperiorum
539 2518 602 2571 tam
632 2510 719 2571 initia
749 2532 843 2594 quarn
873 2535 1052 2597 progressus
1085 2537 1120 2578 ex
1150 2517 1187 2577 iis

97 2625 258 2698 tamquam
278 2612 369 2674 certis
391 2608 516 2672 testibus
536 2618 644 2692 petere
659 2609 778 2689 maluit,
799 2633 870 2675 cum
891 2611 1189 2677 chabuchodono.

96 2719 196 2793 sore,
210 2713 248 2776 de
265 2711 369 2774 liboris
399 2711 463 2772 eius
484 2717 617 2794 totoque
641 2711 837 2794 Assyriorum
856 2713 1010 2795 imperio,
1035 2723 1071 2776 ut
1091 2716 1188 2776 omit·

97 2824 164 2876 tarn
192 2812 387 2894 antiquiora,
412 2830 571 2893 perpauca
603 2809 651 2871 vel
672 2810 755 2870 nulla
775 2812 879 2892 potius
900 2823 1075 2875 memoratu
1097 2813 1192 2897 digna

96 2917 132 2975 in
150 2913 369 2989 extrariorum,
393 2930 471 2994 qnos
488 2909 615 2992 gentiles
629 2907 775 2988 dicimus,
795 2911 986 2994 scriptorum
1002 2934 1189 2976 monumen.

95 3016 139 3076 tis
161 3013 369 3095 reperiantur.
399 2998 443 3071 sic
477 3018 580 3072 autern
612 3008 688 3070 hacc
709 3018 824 3071 tractat
851 3021 887 3071 ut
910 3012 1014 3075 obiter
1031 3012 1069 3074 de
1091 3035 1189 3097 quae-

95 3113 249 3177 stionibus
264 3092 391 3173 minime
404 3109 580 3192 vulgaribus
594 3108 728 3188 disserat,
751 3104 849 3172 citatis
863 3121 1028 3175 auctorum
1047 3115 1198 3196 gravissi-a

96 3234 226 3275 morum
246 3210 443 3283 testimoniis3
465 3230 602 3294 quorum
624 3231 696 3272 cum
715 3231 779 3273 non
800 3213 891 3293 pauci
915 3213 1003 3275 uobis
1025 3214 1116 3298 plane
1129 3217 1192 3278 sint

96 3311 262 3394 incogniti,
283 3310 421 3393 pretium
443 3331 498 3371 nos
511 3310 626 3392 opeiac
646 3312 783 3372 facturos
805 3311 1059 3391 existimabamus,
1079 3316 1103 3378 si
1129 3333 1201 3379 an.v

98 3412 253 3496 tiapuitatis
272 3409 482 3474 studiosorum
498 3410 676 3492 ingratiam
698 3410 823 3477 illorum
843 3411 969 3474 nomina
989 3415 1094 3476 statim
1113 3414 1188 3479 huic

95 3510 266 3595 prooemio
289 3511 522 3572 subiicorcmus.
545 3518 577 3571 et
595 3508 711 3571 iudicat
723 3511 868 3592 profecto
891 3512 1000 3597 Glycas
1024 3523 1131 3576 noster
1151 3515 1190 3579 dc

95 3611 235 3673 maximis
257 3610 348 3672 rebus
368 3607 451 3670 haud
473 3608 620 3687 absurde,
642 3597 753 3693 quibus
784 3611 816 3671 in
838 3611 929 3674 rebus
950 3622 1035 3676 recte
1061 3614 1191 3679 consor.

95 3720 182 3779 mata
202 3731 265 3772 esse
288 3731 324 3771 ac
345 3709 529 3793 pracsertim
550 3708 677 3771 illorum
694 3708 831 3789 iudicia,
853 3732 992 3794 quorum
1015 3714 1109 3776 animi
1131 3738 1190 3799 per

96 3819 233 3874 aetatem
253 3809 353 3872 adhuc
374 3808 515 3871 nonnihil
536 3809 715 3872 caecutiunt
729 3831 787 3872 nec
810 3831 918 3872 vorum
932 3811 1095 3894 pervidere
1115 3818 1211 3898 pos.'

96 3918 193 3988 sunt,
228 3908 398 3991 plurimum
431 3909 578 3987 interest,
612 3907 701 3970 verbi
731 3909 831 3992 gratia
864 3907 902 3972 dc
927 3910 1191 3993 praedictionibus

99 4008 316 4090 astrologicis,
346 4007 435 4070 dcvi
457 4006 612 4086 siderum,
634 4030 673 4067 an
696 4030 732 4070 cn
752 4016 867 4084 mentes
886 4007 1049 4077 hominum
1070 4025 1188 4097 regant,

100 4108 141 4173 de
166 4108 345 4172 monstrosis
376 4101 514 4190 lctibus,
535 4106 573 4169 de
594 4106 851 4185 divinationibus,
884 4110 921 4172 de
942 4112 1024 4191 sato,
1043 4112 1080 4173 de
1101 4114 1191 4178 bouis
