2766 4800
457 260 682 328 ἰιιιιιιιιιιι
711 260 814 332 raas
834 261 859 324 ι.
1144 227 1195 314 3ι

106 461 196 520 τιον,
226 431 307 500 ου’τό
325 428 362 497 τὸ
386 431 518 515 πρᾶγμα
543 431 760 513 παρίστησιν·
801 428 836 491 ἐν
857 427 918 508 μὲν
935 420 997 513 γάρ
1019 430 1086 501 τοῖς
1105 448 1202 492 ποτα·

107 534 248 636 μοῖςορῗ
278 531 430 599 δυ’ναντοιι
454 535 548 594 πλοῖα
563 524 669 610 βαράν
701 523 814 609 ἔχοντα
840 525 960 612 φόρτον
986 531 1089 606 πλεῖν,
1111 522 1146 590 ὲν
1166 528 1202 592 δὲ

108 640 149 724 τῇ
174 631 324 720 θαλάσση
356 631 504 717 ἐλαφρώς
530 628 633 694 ταῦτα
652 624 866 710 βαστάζονται
887 626 941 691 διὰ
964 626 1022 710 τὴν
1039 624 1203 709 ducentul-

109 761 170 823 νην
189 733 374 817 παχύτητα.

77 839 101 902 ,5
198 830 295 916 Πρὸς
322 826 448 904 τούτοις
470 830 506 892 δὲ
534 830 591 891 καί
611 827 703 891 τοῦτο
724 827 794 891 δέου
817 825 935 891 εἰδέναι
957 847 1010 907 σε,
1031 817 1080 889 ὅτι
1101 821 1205 893 πάντα
1237 830 1250 858 '

109 929 288 1001 τὰώδατα
309 927 348 996 τά
368 951 402 994 τε
431 934 590 1012 πηγιμοιῖα
620 928 676 990 καί
694 931 867 1012 φρεατιαῖοι
893 924 934 989 ’ἐκ
961 928 1018 1008 τῆς
1044 926 1206 1010 θαλάττης

112 1034 226 1117 ἔχουσι
248 1030 308 1106 τάς
328 1025 440 1114 α’ρχάς.
461 1027 482 1110 ἦ
501 1026 562 1111 γὰρ
581 1030 767 1110 γειτονοῦσα
787 1028 826 1112 τῇ
844 1025 993 1114 θαλάσση
1013 1027 1054 1109 γη
1076 1025 1207 1110 διάτρη-
1283 1102 1288 1115 .

111 1135 167 1209 τάς
186 1135 254 1197 ἔστι
278 1127 334 1194 καὶ
350 1125 528 1210 δπόνομος,
551 1123 656 1210 ώσπερ
677 1124 765 1200 τινάς
795 1127 916 1212 φλέβας
935 1121 1072 1207 ἔχουσα,
1096 1128 1139 1189 δι’
1161 1118 1206 1190 ὧν

113 1234 151 1298 ἐκ
177 1235 233 1317 τῆς
253 1224 419 1311 θαλάσσης
450 1227 603 1312 δεχομένη
623 1223 664 1292 τά
686 1220 791 1290 ὕδατα
818 1223 877 1301 τάς
896 1221 998 1309 πηγάς
1018 1225 1235 1290 avellumur

64 1331 196 1415 τοπρὸς
224 1321 282 1394 οὖν
310 1326 368 1414 τήν
401 1325 552 1410 ποιότητα
578 1327 634 1410 τῆς
662 1328 721 1409 γῆς
749 1324 806 1391 καί
837 1322 871 1391 τὸ
895 1328 959 1389 τών
990 1330 1097 1410 πηγών
1116 1321 1205 1410 άδοορ

115 1426 230 1497 ἄνεισι.
249 1425 330 1494 κατά
351 1427 514 1492 τοῦτοκαὶ
529 1421 633 1491 ὕδατα
655 1422 758 1510 ὀξώδη
772 1421 793 1510 ἢ
814 1423 962 1510 δλαιώδη,
977 1426 1137 1514 τεφρώδη,
1152 1425 1209 1491 καὶ

116 1527 180 1597 ὅσοι
201 1532 344 1595 τοιαῦτα·
367 1527 408 1592 τά
428 1526 530 1592 πάντα
548 1523 610 1609 γάρ
630 1530 686 1609 τῆς
697 1521 860 1611 ποιότητος
880 1527 1002 1592 ἐκεῖθεν
1020 1529 1218 1609 μετέχουσιν

115 1634 178 1718 εἶφ’
196 1622 234 1714 ἧς
256 1633 313 1712 γῆς
334 1627 520 1710 διέρχονταί
540 1650 575 1690 τε
598 1626 654 1691 καί
673 1627 867 1710 διέρχονται.
890 1621 974 1690 οὕτω
995 1629 1055 1707 μὲν
1071 1618 1130 1690 οὖν
1154 1623 1210 1693 κατ’

112 1732 155 1797 τά
177 1728 286 1812 θερμά
305 1725 410 1793 ὕδατα
441 1723 496 1791 διά
516 1725 685 1811 πυρώδους
704 1730 761 1812 γῆς
781 1722 987 1810 διερχόμενοι,
1008 1725 1051 1803 ώς
1072 1721 1088 1790 ὃ
1109 1729 1209 1809 μέγας

68 1831 200 1919 ι5φησί
218 1828 406 1909 Βασιλειος,
438 1819 458 1910 ἢ
478 1828 761 1912 στενοχωρούμενα
784 1825 839 1890 καί
857 1831 913 1914 βίη
933 1823 1129 1912 ῥηγνύμενα,
1150 1823 1249 1909 τηνν.
1263 1839 1291 1891 ι3

117 1935 204 2010 ζέσιν
225 1932 348 1993 ἐκεῖθεν
369 1928 561 2013 ἐφέλκονται.
604 1924 639 1990 αἶ
657 1930 765 2006 μέντοι
785 1922 920 2008 μεγάλαι
940 1924 1039 2009 πηγαὶ
1059 1924 1112 1989 διά
1135 1928 1208 1989 τοῦ-

122 2053 158 2096 το
175 2033 231 2094 καί
249 2032 371 2110 μᾶλλον
401 2031 435 2093 ἐν
467 2019 557 2111 ὄρεσι
586 2027 746 2108 γίνονται,
768 2019 828 2088 ’ὅτι
849 2027 947 2109 μέχρι
965 2027 1022 2088 καί
1036 2027 1135 2107 αὐτῆς
1153 2025 1238 2107 ricc

119 2134 176 2196 aori
194 2124 292 2216 ὅρους
311 2130 429 2210 γίνεται
450 2128 592 2213 κορυφῆς
612 2124 634 2211 ἦ
653 2117 715 2187 οἷπὸ
738 2126 796 2188 τοῦ
816 2125 939 2206 βάθους
960 2121 1033 2207 ὄλπη
1053 2126 1108 2188 καί
1130 2124 1209 2187 dvo·

115 2232 293 2312 θυμίασις,
324 2230 378 2290 καί
404 2229 525 2308 μᾶλλον
551 2228 582 2292 εἰ
601 2226 769 2309 σομφώδες
793 2223 875 2310 τάχη
902 2222 938 2288 τὸ
961 2216 1035 2308 ὄρος
1055 2216 1135 2287 εἶναι
1155 2226 1212 2288 καί

65 2327 200 2414 τοπρός
223 2326 282 2412 την
312 2324 407 2410 ὁλκήν
427 2324 613 2410 ἐπιτήδειον.
662 2318 732 2387 εἶτα
757 2326 932 2408 καταρρέον
952 2320 1043 2388 ἔνθεν
1064 2322 1211 2388 κάκεῖθεν

115 2427 154 2494 ad
176 2424 292 2512 ὕδωρ,
321 2425 377 2490 κου’
396 2423 430 2490 ἕν
453 2449 515 2490 τινι
545 2422 631 2512 τόπιρ
652 2425 853 2507 συρρεῦσαν,
874 2420 932 2508 τὴν
953 2427 1010 2508 γῆν
1030 2425 1130 2488 ἐκεῖσε
1150 2422 1210 2508 ῥη-

115 2551 211 2613 mos
248 2530 306 2591 κοιί
330 2522 415 2590 οὕτω
443 2522 523 2607 μετά
545 2527 616 2606 βίας
638 2527 809 2608 ἐξέρχεται.
850 2517 983 2600 άένυαος
1003 2527 1039 2589 δὲ
1060 2525 1079 2608 ἢ
1100 2524 1207 2608 πηγή,

119 2623 171 2694 ὅτι
192 2628 248 2693 κατ’
267 2623 412 2711 διηνεκὴς
445 2621 465 2709 ἦ
494 2621 555 2688 α’πό
582 2626 639 2689 τοῦ
668 2624 791 2705 βάθους
817 2620 906 2707 παρά
930 2627 988 2688 τοῦ
1006 2623 1097 2710 ἡλίου
1120 2621 1209 2707 ὅλκη.

119 2895 151 2939 et
168 2884 324 2938 crassiorem
346 2881 424 2934 maris
443 2897 539 2952 nquam
565 2896 623 2934 esse
678 2898 719 2933 am
742 2881 796 2933 sint
815 2897 901 2953 aquae
921 2881 1076 2946 fluviatiles,
1094 2885 1152 2954 ipsa
1169 2901 1211 2939 res

119 2959 210 3011 docet
236 2972 300 3007 nam
326 2953 357 3005 in
385 2952 541 3004 fluminibus
563 2951 641 3005 admo
663 2971 707 3004 um
731 2962 841 3005 onerata
859 2954 963 3022 navigia
974 2952 1044 3005 vehi
1053 2966 1210 3025 nequeunt,

118 3047 183 3083 cum
199 3045 230 3078 ea
247 3041 319 3077 mare
340 3024 435 3076 leviter
454 3024 598 3075 admodum
616 3034 703 3094 gestet
719 3024 754 3075 ob
773 3025 918 3076 crassitiem
938 3024 1065 3078 videlicet
1081 3044 1162 3079 suam.

193 3101 302 3151 Praeter
328 3094 395 3146 haec
421 3095 492 3147 illud
509 3097 590 3147 etiam
611 3095 662 3147 tibi
686 3095 824 3147 sciendum
844 3104 898 3159 eat,
927 3114 1019 3148 omnes
1038 3115 1135 3168 aquas,
1153 3100 1209 3163 sive

120 3173 246 3225 fontanas
276 3169 332 3220 sire
357 3167 499 3237 puteales,
521 3183 538 3218 e
568 3167 724 3218 marianam
754 3168 884 3236 originem
907 3166 1014 3220 habere.
1032 3186 1093 3222 nam
1121 3172 1208 3223 vicina

119 3243 189 3295 mari
205 3251 278 3294 terra
306 3237 467 3290 foraminosa
485 3245 538 3300 est,
559 3238 706 3308 multisque
729 3238 860 3290 cuniculis
884 3237 1019 3303 abundat,
1036 3242 1083 3311 qui
1103 3250 1165 3295 sunt
1181 3245 1208 3296 ei

120 3328 252 3368 venarum
280 3310 380 3374 instar,
398 3325 447 3378 per
467 3325 533 3379 quas
560 3310 658 3360 amari
676 3310 791 3378 receptis
810 3309 887 3378 aquis
907 3310 1022 3363 fontium
1039 3314 1212 3382 scaturigines
1273 3323 1276 3327 ’

121 3386 231 3437 emittit„
261 3398 344 3451 quare
372 3397 421 3449 pro
447 3381 579 3451 qualitate
597 3381 648 3431 soli
675 3381 755 3431 etiarn
774 3380 888 3433 sontium
907 3398 977 3452 aqua
995 3394 1147 3454 comparata
1160 3393 1210 3436 est.

122 3473 180 3527 quo
197 3456 230 3507 fit
256 3461 288 3504 ut
311 3467 397 3521 aquae
416 3452 549 3523 quaedam
577 3452 661 3514 aceti,
683 3451 815 3521 quaedam
833 3451 902 3515 olei,
926 3453 1058 3523 quaedam
1075 3456 1213 3507 cinereum

121 3542 247 3596 saporem
274 3523 396 3593 aliosque
422 3524 490 3576 tales
521 3523 646 3575 referant
675 3540 737 3573 narn
754 3525 811 3574 eius
830 3524 881 3575 soli
902 3525 1060 3593 qualitatem
1078 3526 1215 3595 accipiunt

143 3597 200 3648 uod
217 3603 359 3667 pemreant
386 3594 467 3647 etde
489 3612 544 3664 quo
573 3593 717 3646 ebulliunt
738 3595 776 3646 rie
797 3611 883 3664 aquae
901 3597 1019 3658 calidae,
1039 3596 1214 3666 quemadmo-

121 3615 325 3721 dumBasilius
347 3666 396 3716 ilie
414 3682 526 3735 magnus
546 3665 598 3728 ait,
615 3665 659 3716 vel
686 3665 793 3734 igneum
808 3665 944 3736 quoddam
962 3668 1048 3718 solum
1067 3676 1213 3737 penetran-

123 3748 183 3801 tes,
203 3739 247 3791 rcl
275 3739 304 3789 in
323 3746 409 3789 artum
434 3753 542 3806 pressae
559 3737 641 3805 rique
667 3736 792 3800 collisae,
825 3737 954 3790 servorem
974 3739 1051 3789 ilium
1070 3740 1215 3809 accipiunt.

122 3810 223 3862 eadem
244 3809 279 3861 de
297 3826 376 3860 eausa
394 3810 483 3878 magni
501 3809 589 3860 fontes
607 3809 768 3879 plerumque
785 3810 814 3860 in
832 3809 968 3861 montibus
987 3811 1122 3874 oriuntur,
1140 3812 1216 3881 quod

122 3882 161 3933 ad
180 3883 265 3951 ipsius
283 3881 364 3932 etiam
383 3881 481 3933 montis
492 3881 620 3932 uerticem
639 3882 763 3932 attractio
774 3880 906 3951 quaedam
916 3890 944 3933 et
954 3881 1089 3934 exhalatio
1105 3881 1140 3932 de
1153 3899 1217 3951 par-

124 3952 201 4006 tibus
226 3953 286 4004 imis
312 3952 375 4014 fiat,
399 3954 555 4021 praesertim
582 3951 604 4002 ri
629 3967 706 4004 mons
725 3968 883 4002 cavernosus
908 3953 977 4004 forte
994 3953 1030 4006 sit
1047 3961 1076 4004 et
1093 3952 1126 4004 ad
1145 3952 1217 4004 irene

123 4024 312 4077 attractionem
331 4023 453 4076 idoneus.
472 4022 571 4075 deinde
591 4022 641 4073 hac
657 4029 686 4073 et
704 4022 766 4072 illac
785 4021 929 4075 demanans
947 4039 1032 4093 aqua,
1052 4031 1080 4077 et
1099 4024 1217 4095 quodam

124 4095 155 4146 ia
175 4094 236 4145 loeo
254 4094 406 4158 confluens,
424 4101 521 4146 terram
539 4095 599 4147 istic
637 4094 804 4162 errurnpitae
829 4093 856 4144 vi
874 4094 940 4147 exit.
956 4102 986 4146 et
1001 4109 1135 4164 perennes
1153 4102 1217 4145 sunt

63 4228 69 4246 Ι
124 4163 278 4230 bisontes,
304 4167 368 4237 quia
394 4175 526 4238 perpetuo
550 4166 582 4220 fit
600 4112 634 4218 sd
661 4165 714 4218 imo
738 4165 1066 4221 consummatorem
1088 4164 1139 4217 hoc
1157 4180 1217 4217 esse
