2766 4800
227 231 293 318 58
425 322 428 328 ,
557 199 781 325 οιισιιλιιιο
813 255 979 323 Guneus

236 409 271 477 τό
292 413 375 496 πόρ,
405 411 482 476 κατὰ
500 411 611 494 σχῆμα
632 414 690 476 τοό
710 411 841 496 δόρατος
862 395 1070 499 α’πομηνιυνθῇ
1081 458 1091 492 ,
1123 409 1159 476 τό
1182 413 1327 477 τοιοῦτον

238 506 370 576 διόπων
396 507 580 591 οόνόμαστπι
606 510 687 575 κατὰ
715 510 753 576 τό
787 510 963 597 φαινόμενα
991 508 1162 594 σχήματα,
1195 513 1252 576 κατ’
1271 508 1327 587 τός

238 612 419 690 ἐπωνυμίας
440 610 659 694 α’ποπληροόσι
682 619 747 686 τοῖς
767 606 941 696 φάσμασιν.

312 701 425 774 “Edere
453 712 513 790 μὲν
545 703 603 776 οὖν
634 710 843 793 εἰς’σημεῖα,
871 709 1014 794 καθάπερ
1049 707 1191 796 εἴρηται,
1212 708 1231 774 ό
1250 705 1329 786 θεός

33 836 47 870 s
239 813 341 875 ταῦτα
362 809 400 892 δὴ
429 808 470 874 τό
493 813 558 875 κατ’
577 806 728 894 οόρανόν,
762 805 805 886 σός
824 811 970 876 ἐντεῦθεν
989 806 1066 895 ἡμῖν
1083 810 1271 899 ρ’σφόλειαν
1290 807 1349 874 sall

210 909 293 995 ΰτίμ
312 912 473 990 τυχοῦσαν
501 914 737 995 προσγίνεσθαι.
789 905 850 995 όρα
870 907 931 996 γὰρ
955 903 1002 974 ότι
1025 911 1079 975 καί
1099 906 1139 974 τό
1161 912 1244 995 νέφη
1270 906 1329 974 πό·

238 1032 304 1084 κοις
326 1011 421 1094 ἐρίων
447 1011 588 1095 φανέντα
610 1013 683 1076 ποτὲ
716 1006 921 1096 παραπλήσια
943 1012 1106 1093 χειμῶνας
1126 1011 1225 1075 ἐνιότε
1247 1031 1329 1093 προ-

238 1113 460 1193 σημαίνουσιν.
502 1099 584 1174 ιίλλό
615 1108 671 1175 καί
690 1104 753 1194 ἶρις
781 1106 876 1194 αὕτη,
898 1107 933 1174 τό
954 1114 1024 1174 κατ’
1047 1106 1184 1193 ον’ρανόν
1204 1106 1331 1194 δηλαδὴ

170 1198 175 1206 ⁸
238 1206 429 1293 φαινόμενον
449 1205 560 1290 τόξον,
591 1205 634 1288 ιός
652 1212 712 1293 οὐχ
739 1209 848 1284 όπλιός
868 1217 935 1286 τοῖς
962 1209 1141 1294 όφθαλμοῖς
1162 1206 1254 1292 ἧμιόν
1274 1209 1333 1274 καί

238 1303 281 1382 ὦς
300 1306 394 1391 ἔτυχε
415 1303 600 1393 πρόκειται·
649 1314 805 1394 χειμῶνος
832 1311 892 1390 μὲν
919 1305 982 1394 γόρ
1005 1299 1091 1392 ἀότη
1114 1315 1253 1394 φανεῖσα
1274 1308 1349 1377 ου’-1

237 1406 356 1492 dissutis·
390 1408 536 1494 ἐπιφόρει
559 1403 762 1492 κατάστασιν,
796 1409 906 1485 εὐδίας
937 1410 973 1474 δὲ
993 1401 1090 1494 οόσης
1108 1406 1170 1492 εἴγε
1192 1411 1331 1494 φανείη,

234 1511 379 1590 χειμῶνα
405 1507 589 1575 τούναντίον
619 1506 766 1593 ἐμήνυσε.
817 1508 873 1577 καί
899 1505 990 1575 ἔθετο
1010 1509 1088 1596 γάρ,
1108 1505 1205 1596 φησί,
1224 1510 1331 1574 ταῦτα

237 1610 282 1682 τίς
302 1614 429 1691 σημεῖα.
515 1629 518 1634 ·

61 1757 65 1763 .
151 1713 227 1782 vad
314 1705 401 1772 Ἀλλ’
426 1706 446 1787 ἦ
474 1709 533 1788 μὲν
556 1700 619 1793 ἶρις
652 1705 870 1784 α’νυπόστατός
890 1709 975 1790 ἔστι,
995 1707 1155 1797 φαντασία
1177 1709 1214 1775 δὲ
1230 1706 1331 1790 μόνον

231 1791 291 1888 7τῆς
312 1802 437 1892 δρώσης
458 1784 629 1892 όψεας,ἐ’ξ
649 1803 741 1892 ἧλίου
762 1809 970 1895 συνισταμένη
990 1810 1118 1894 νέφεσιν
1136 1808 1349 1891 diruptamque-s

237 1909 324 1989 ρὲσιν
347 1907 559 1988 ἐμπίπτοντος.
604 1905 685 1972 α’λλό
706 1906 762 1973 καί
784 1907 804 1992 ἦ
828 1906 906 1973 καιό
928 1907 1060 1993 σελήνην
1082 1903 1165 1983 ἅλας
1185 1905 1329 1994 ἔμφασις

201 2005 388 2081 ὓαόσαότιος
410 2008 505 2089 ἐστίν,
526 2008 566 2072 ον’
577 2032 643 2092 μην
659 2003 840 2089 ὑπόστασις,
862 2007 1110 2086 όξιίνακλόσεοος
1130 2008 1188 2092 τῆς
1210 1998 1327 2089 όψεοος.

235 2104 271 2170 τό
301 2107 336 2170 δὲ
363 2099 561 2192 α’στραπαῖον
593 2110 657 2191 πῦρ
678 2105 889 2174 ε’ννπόστατον
907 2109 967 2189 μέν
986 2109 1090 2188 ἐστιν,
1123 2100 1181 2170 ola
1202 2105 1271 2189 ἔχει
1292 2111 1328 2174 dt

234 2205 270 2271 τό
291 2209 426 2292 φλόμον·
480 2205 672 2292 λεπτομερὴς
697 2206 759 2292 μοὶρ
793 2207 928 2290 ἡούσία
957 2207 1069 2277 αὐτοῦ.
1111 2205 1193 2270 όλλοὶ
1214 2206 1272 2272 καί
1285 2207 1327 2273 τό

235 2304 368 2385 σοόματα
389 2310 512 2389 ταχέας
529 2310 740 2391 παρέρχεται,
769 2299 845 2370 ὅθεν
874 2299 945 2371 τότε
975 2311 1056 2372 καίει
1089 2299 1164 2371 οόττ
1185 2308 1349 2389 μελαίνειν

235 2403 327 2475 adad.
369 2405 401 2470 εἰ
422 2403 484 2489 μόρ
513 2408 569 2470 καί
586 2409 652 2489 πόρ
682 2403 863 2481 ότοιοότός
894 2407 963 2471 ἐστι
981 2404 1134 2491 κεραυνός
1155 2404 1212 2471 καί
1230 2405 1327 2493 φόσει

235 2501 303 2588 ἔχει
322 2502 359 2568 τό
380 2503 498 2586 καίειν,
521 2507 592 2571 ἀλλ’
612 2501 631 2590 ἦ
653 2500 805 2590 λεπτότης
824 2507 933 2589 αότοό,
954 2504 1032 2592 πρός
1056 2509 1092 2570 δὲ
1113 2507 1169 2572 καί
1188 2503 1210 2591 ἦ
1226 2509 1326 2591 ταχύ·

307 2716 328 2751 ι.
348 2695 579 2772 οίπομηιιυνθίνλ

236 2862 342 2933 lougius
362 2877 421 2915 sess
446 2859 548 2914 diderit
572 2859 640 2929 ignis
659 2859 694 2913 ad
717 2860 811 2914 hastas
830 2861 943 2916 sormam
969 2868 1115 2925 extensus,
1130 2861 1164 2914 fis
1178 2830 1232 2913 had
1250 2862 1326 2934 quod

235 2933 425 2987 traiectionem
441 2939 547 2985 vocant
558 2933 746 2985 consuevimus
764 2934 836 2985 enim
846 2935 910 2986 visis
921 2932 1054 2987 eiusmodi
1072 2948 1122 3003 pro
1142 2934 1250 2986 ratione
1271 2935 1327 2988 lor-

234 3021 350 3068 anarum,
368 3003 467 3074 quibus
487 3004 696 3072 conspiciuntur,
722 3005 922 3074 appellationes
940 3005 1044 3057 indere.

303 3075 478 3146 Quapropter
494 3071 571 3137 haee,
593 3075 634 3127 uti
651 3074 777 3140 diximus,
796 3077 826 3128 in
844 3076 922 3128 eaelo
940 3074 1084 3128 collocarit
1099 3075 1180 3138 deus,
1198 3082 1231 3128 ut
1249 3077 1329 3146 sigua

232 3145 313 3198 nobis
331 3153 423 3197 essent
440 3143 475 3196 ds
493 3144 594 3213 quibus
611 3145 686 3198 haud
709 3146 830 3214 vulgares
847 3147 989 3200 muniendi
1005 3147 1091 3200 nostri
1107 3147 1228 3199 rationes
1247 3149 1332 3200 colli·

233 3233 364 3286 geremus.
384 3231 447 3267 nem
464 3214 572 3285 adspice
589 3216 657 3270 mihi
673 3216 783 3280 nubes,
803 3234 874 3288 quae
894 3236 955 3271 cum
973 3218 1109 3271 interdum
1126 3218 1252 3270 lanarum
1268 3219 1332 3271 vel-

233 3286 336 3339 leribus
354 3286 512 3338 consimiles
531 3297 693 3352 cernuntur,
719 3288 880 3360 plerumque
898 3298 1071 3361 tempestates
1091 3289 1198 3358 pluvias
1216 3288 1331 3344 denun-

189 3415 192 3422 .
233 3359 313 3411 liant
331 3365 414 3428 atque
440 3358 523 3410 etiam
542 3359 607 3423 Isis,
633 3375 711 3412 arcus
728 3360 855 3413 nimirum
878 3361 1027 3432 illaquam
1045 3361 1074 3412 in
1092 3360 1169 3412 coelo
1187 3363 1334 3431 conspici-

233 3445 313 3492 mus,
332 3445 390 3481 nou
407 3428 568 3498 simpliciter
593 3446 684 3501 neque
698 3429 814 3484 fortuito
833 3432 933 3486 nostris
951 3439 1038 3484 semet
1056 3432 1143 3487 oculis
1160 3433 1258 3495 offert,
1280 3432 1334 3485 sed

233 3501 326 3569 pluvia
344 3507 507 3569 tempestate
525 3509 670 3571 conspecta
692 3503 865 3556 serenitatem
881 3503 935 3555 lert
951 3519 1056 3567 secum,
1077 3517 1187 3567 serena,
1204 3502 1333 3572 pluviam

234 3570 366 3642 designat.
383 3572 452 3623 haee
472 3570 545 3623 euim
565 3571 633 3624 deus
653 3572 682 3625 in
701 3574 776 3642 signa
794 3574 943 3628 constituit.

302 3643 337 3695 Et
359 3650 434 3695 caret
461 3642 510 3694 I'ris
530 3645 647 3697 essentia
667 3644 805 3766 peculiari
825 3662 892 3710 sua,
909 3644 1050 3766 solumque
1067 3642 1171 3713 species
1190 3645 1331 3713 quaedam

234 3720 276 3764 est
299 3714 457 3784 imaginaria
485 3716 621 3768 cernentis
649 3724 809 3785 aspectus,
835 3725 895 3769 orta
913 3715 947 3767 de
972 3731 1031 3768 soe
1054 3715 1083 3767 in
1101 3712 1187 3768 nubes
1205 3717 1349 3784 partium&

233 3781 399 3837 diversarum
422 3784 570 3839 incidente.
598 3785 695 3839 itidem
715 3786 807 3839 lunam
827 3787 950 3840 ambiens
972 3802 1035 3839 area
1053 3786 1145 3856 specis
1165 3794 1246 3838 tenus
1268 3788 1330 3839 eni-

233 3856 295 3917 stit‚
314 3873 374 3908 cuns
394 3873 488 3925 reapse
507 3856 578 3909 nihil
596 3857 633 3910 sit
649 3856 740 3927 deque
757 3858 901 3928 adspectus
922 3857 1085 3911 refractione
1103 3856 1214 3908 oriatur.
1233 3864 1262 3909 at
1279 3875 1329 3911 ve-

232 3941 263 3976 ra
281 3925 395 3995 fulguris
425 3928 494 3996 ignia
521 3930 639 3983 essentia
663 3929 794 3999 peculiari
819 3946 875 3984 non
899 3937 990 3993 earet,
1014 3927 1124 3981 tametsi
1150 3928 1204 3979 viru
1224 3929 1327 3982 urendi

232 4011 287 4048 uon
309 3996 417 4049 habeat
445 4000 547 4051 atenim
577 4000 634 4052 eius
661 4009 759 4053 natura
777 4003 895 4071 partium
913 4009 955 4053 est
972 3999 1131 4061 subfillum,
1160 4007 1190 4050 et
1209 4016 1328 4069 corpora

233 4066 359 4120 celeriter
386 4071 526 4139 praeterit.
557 4087 613 4140 quo
633 4071 665 4122 lit
683 4079 713 4123 ut
731 4089 763 4123 ea
790 4089 842 4123 nec
862 4080 924 4124 urat
939 4087 990 4123 nec
1011 4070 1143 4138 denigret
1165 4085 1326 4141 quanquam

229 4138 306 4213 ‘enim
327 4139 483 4196 huiusmodi
501 4141 604 4194 fulmen
620 4141 688 4210 ignis
703 4151 759 4206 est,
779 4151 807 4194 et
827 4159 843 4195 a
862 4150 961 4196 natura
972 4140 998 4193 ri
1012 4140 1164 4211 praeditum
1182 4150 1226 4194 est
1241 4158 1326 4194 uren-
