2700 4792
258 222 340 322 sals
591 199 805 309 Mtcltmls
835 241 999 307 esrem

256 397 314 460 οῦκ
337 387 514 480 ῦνογροὶφει
534 396 659 478 Μωσῆς
679 390 785 476 οἵσπερ
807 390 846 475 δὴ
865 395 927 456 τῶν
948 387 1011 453 dut
1031 393 1091 454 τοῦ
1110 393 1193 476 Σήθ.
1233 384 1305 455 ῦλλω

255 519 289 560 τε
306 494 361 558 καί
378 503 507 577 σημεῖον
527 497 586 559 τοῦ
605 496 685 558 θεοῦ
714 492 821 566 δόντος
840 493 884 577 τῷ
912 487 1000 555 Κῦῖν
1020 492 1078 553 τοῦ
1097 490 1141 572 μή
1165 493 1305 572 α’νοιιρεθῆ

255 619 308 659 νοιι
332 597 474 677 (σημεῖον
507 593 542 656 δὲ
567 593 692 676 νοητέον
718 585 738 676 ἢ
761 589 817 655 τόν
839 585 911 672 ὅρον
946 586 1046 653 aeris
1067 591 1125 653 τοῦ
1143 583 1258 679 θεοῦιῆ
1277 588 1305 652 τὰ

255 697 316 758 τῦν
338 697 441 772 μελῶν
461 693 560 756 αὐτοῦ
579 691 698 776 κλόνον)
718 692 784 765 ποῦς
813 689 954 775 α’νγρέθη
971 687 1098 768 λοιπίνς

341 794 381 854 Εἰ
411 793 446 854 δὲ
480 793 581 872 ζητεῖς
602 791 666 864 ποῦς
686 787 723 853 τὰ
756 785 808 873 ἔτη
826 793 888 852 τῶν
910 784 972 850 dno*
994 788 1052 850 τοῦ
1073 788 1159 853 Ketis
1179 790 1236 851 οῦν
1255 781 1305 850 eiua

258 888 376 974 γράφει
400 892 540 970 Μωσῆς,
576 886 591 952 ὃ
611 891 709 971 μέγας
731 883 891 969 Ιίῦριλλος
910 888 943 951 έν
961 895 1027 960 τοῖς
1046 892 1222 972 γλαφυροῖς
1236 880 1305 948 αῦτο

231 985 379 1064 Βῦιῦάξει
397 1010 436 1052 σε
468 990 564 1070 λέγων
598 983 646 1050 ὅτι
681 987 720 1049 ον’
753 991 821 1050 κατ’
849 978 977 1066 ῦγνοιοιν
1004 989 1063 1050 τοῦ
1082 987 1181 1067 θεοῦ,
1203 985 1265 1050 ἀλλ’
1282 977 1305 1047 ir

258 1091 322 1150 τοῦν
348 1086 544 1170 ἁμαρτωλῶν
576 1084 616 1149 τῦ
637 1084 690 1168 ἔτη
719 1088 774 1148 καί
795 1083 902 1158 ἁπλοῦς
922 1083 978 1148 ιιοιί
998 1084 1055 1170 τὴν
1078 1083 1161 1167 ζωὴν
1183 1085 1305 1147 οιῦτιῦνὲ

255 1191 353 1273 βιβλφ
377 1182 497 1264 ζώντων
517 1190 733 1269 γεγραμμένην
752 1181 837 1265 ἔχειν
858 1185 897 1247 ον’
917 1187 1013 1248 θέλει.
1038 1182 1123 1249 καθὰ
1145 1186 1180 1248 δὲ
1203 1187 1245 1271 argi
1263 1184 1305 1246 διο

257 1288 411 1368 ληφθέντι
438 1286 538 1366 ποτρί
556 1279 651 1357 τῦπος
679 1277 717 1366 ἦν
738 1280 753 1345 ei
776 1279 862 1346 Κάϊν
881 1286 937 1345 καί
955 1276 1084 1365 ῦἌβελ
1104 1285 1160 1346 τοῦ
1182 1301 1305 1364 πρωιοττ

257 1405 314 1445 κου
345 1386 425 1447 λαοῦ
453 1386 509 1447 τοῦ
527 1383 673 1465 Χριστοῦ
695 1404 728 1446 τε
756 1385 811 1446 καὶ
831 1384 893 1446 τοῖν
914 1383 960 1457 εἰς
980 1380 1076 1447 ustis
1096 1376 1305 1446 πιστουοέντω

259 1475 365 1564 ὥσπερ
393 1478 453 1564 γὰρ
483 1477 500 1545 ὃ
533 1480 619 1544 Ketis
649 1476 702 1542 διὰ
730 1477 850 1565 φθόνον
879 1478 934 1543 κατ’
963 1479 998 1543 τὰ
1022 1483 1078 1544 τοῦ
1098 1481 1239 1565 α’δέλφοῦ
1257 1469 1305 1556 οἷμ

258 1578 349 1662 ἐξέβη
379 1578 440 1641 α’πὸ
474 1579 643 1661 προσώπου
669 1581 766 1660 θεοῦ,
793 1580 847 1642 eae*
871 1576 935 1663 μὴν
963 1577 1019 1641 καί
1036 1579 1202 1663 κστηράθιγ
1223 1578 1305 1642 στένε.

259 1675 315 1739 κατ’
332 1681 456 1759 τρέμειν
476 1679 530 1741 tut
558 1680 615 1761 τῆς
644 1680 701 1760 γῆς
722 1679 919 1759 περιπατῶν,
950 1673 1053 1752 οὕτως
1071 1671 1134 1762 ῦρο
1155 1680 1211 1741 κατ’
1227 1673 1242 1739 i
1261 1677 1305 1738 'iu

231 1773 369 1851 (λδοϊιιὸς
390 1773 442 1840 διὰ
464 1774 584 1862 φθόνον
602 1780 657 1840 κατ’
674 1775 710 1840 τῦ
729 1780 785 1841 τοῦ
799 1778 941 1859 Χριστοῦ
962 1769 1041 1856 αἷμα
1058 1779 1148 1860 έξὲβιγ
1169 1772 1229 1838 ἀπὸ
1243 1795 1305 1858 προι

144 1865 146 1869 ’
261 1870 346 1938 ω’που
367 1877 427 1939 τοῦ
445 1877 525 1939 θεοῦ
546 1877 602 1939 καί
618 1884 785 1959 περιπατεῖ
799 1877 912 1939 στένων
932 1879 986 1937 καὶ
1008 1879 1141 1957 τρέμων.

343 1979 477 2058 Σημεῖον
494 1968 550 2040 οῦν
573 1978 690 2039 δέδωκε
711 1980 753 2063 τῷ
775 1973 860 2040 Κάϊν
878 1973 896 2038 o‘
916 1970 1007 2055 θεός,
1030 1969 1111 2039 ὥστε
1132 1973 1175 2058 per:
1201 1972 1305 2060 φονεοθ

260 2072 349 2158 παρά
369 2098 470 2155 τινος,
501 2073 544 2150 ὥς
575 2076 690 2149 ἐκεῖνος
712 2072 896 2137 ῦπιῦπτεοε·
937 2073 992 2137 κατ’
1014 2071 1142 2155 ,,ἐ’σται”
1160 2073 1219 2156 γάρ
1240 2093 1305 2157 φησι

202 2225 208 2235 .
261 2176 344 2254 ,,πῦς
376 2169 569 2257 ῦεῦρίοιιων
596 2196 636 2255 με
664 2168 830 2237 ἀποκτενεῖ
853 2177 924 2252 με.”
972 2171 990 2236 ὅ
1024 2175 1059 2236 ue
1079 2171 1226 2254 Ἰώσηπός
1243 2190 1304 2255 ppo

263 2266 314 2336 ὅτι
333 2269 389 2336 τόν
411 2269 488 2335 θεὸν
514 2271 532 2335 o‘
553 2272 640 2337 Κοίϊν
661 2268 779 2337 ἱκέτευε
786 2321 798 2353 ,
812 2269 944 2355 μήποτε
964 2269 1088 2356 θηριόις
1109 2269 1263 2353 ἀλώμενος
1277 2288 1305 2329 sn

337 2455 357 2490 ι.
376 2437 490 2512 Μωσῆς]
510 2438 615 2505 Μωσῆς
633 2432 666 2492 τῦ
682 2439 747 2507 laq?
836 2456 863 2507 9·
879 2436 1058 2510 ῦιαβληθέντι
1075 2440 1104 2492 F.

264 2582 356 2645 potest
372 2593 437 2627 num
455 2571 554 2628 Cainus
574 2576 662 2629 adhuc
675 2575 800 2628 Lameehi
821 2579 988 2648 temporibus
1007 2585 1143 2649 superstes
1160 2574 1256 2629 suerit?
1270 2585 1305 2623 oe!

178 2693 181 2707 ,
230 2652 234 2661 '
265 2645 337 2698 nibil
355 2648 437 2699 statui
456 2645 490 2698 de
518 2647 570 2698 boc
591 2656 697 2717 potest,
716 2666 776 2700 cum
801 2663 886 2700 annos
916 2660 1083 2718 posterorum
1101 2648 1181 2700 Caini
1200 2641 1302 2699 Mosei

265 2719 487 2769 memoriaenon
513 2718 682 2787 prodiderit,
702 2727 732 2771 ut
756 2718 932 2770 oriundorum
950 2737 966 2771 a
987 2719 1084 2772 Setho:
1109 2737 1144 2770 ne
1162 2719 1246 2771 dicam
1261 2715 1305 2765 deu

266 2788 351 2840 Caino
383 2788 517 2858 quandam
544 2790 702 2858 apposuisse
729 2796 835 2850 notam,
867 2807 902 2841 ne
930 2807 946 2840 a
976 2807 1112 2859 quoquam
1131 2798 1305 2852 necareturp

266 2859 416 2912 hanovere
440 2869 532 2912 notam
550 2862 593 2911 vel
613 2862 621 2910 i
642 2875 670 2910 sa
688 2858 733 2910 dei
754 2858 788 2910 de
807 2859 890 2911 Caino
912 2863 1048 2912 sententia
1071 2860 1155 2912 debet
1169 2858 1305 2925 intelligia

268 2929 448 3038 membrorum
469 2931 527 2983 eius
544 2878 699 3000 trepiXatio.
720 2945 837 3000 quonam
853 2931 1030 3002 igiturpacoo
1048 2929 1102 2983 dici
1119 2939 1212 3001 potest
1229 2924 1305 2980 essei¹

268 3007 352 3051 terem
375 3009 434 3053 tus.

339 3017 395 3120 Ιέῦπ
421 3072 445 3123 si
471 3089 584 3142 quaeras
613 3071 788 3142 quamobrem
806 3072 895 3124 Moses
910 3069 986 3121 Caini
1003 3079 1172 3139 posterorum
1190 3085 1268 3123 annos
1282 3076 1305 3116 nt

258 3141 450 3203 ‘recensuerit‚
473 3159 583 3211 magnus
608 3144 657 3194 ilie
675 3141 726 3194 tibi
745 3142 860 3209 Cyrilius
876 3143 914 3210 ¹in
935 3141 1079 3210 Glaphyris
1100 3144 1156 3193 sive
1173 3136 1305 3195 varisutilr

270 3210 326 3260 suis
346 3210 528 3278 respondebit„
547 3229 602 3263 non
616 3213 668 3264 hoe
685 3214 784 3263 sactum
802 3221 852 3275 est,
869 3211 975 3281 inquit,
994 3228 1027 3263 ex
1044 3214 1214 3280 ignoratione
1233 3205 1305 3280 quad·

271 3278 325 3342 dei,
342 3279 390 3331 sed
408 3283 471 3350 quia
488 3291 656 3351 peecatorum
669 3300 753 3335 annos
769 3292 909 3352 totamque
926 3282 994 3335 adeo
1011 3283 1095 3334 vitam
1112 3282 1184 3334 libro
1201 3278 1305 3335 viventio

270 3352 404 3401 contineri
423 3352 500 3404 nolit
518 3352 589 3404 idem
608 3353 723 3420 Cyrillus
742 3353 824 3406 refert
834 3354 946 3405 Cainnm
965 3361 993 3404 et
1003 3354 1120 3405 Abeinm
1138 3355 1221 3406 fuisse
1238 3352 1305 3419 figura

269 3422 413 3491 primigeni
431 3423 526 3491 populi
543 3424 648 3475 Iudaici
667 3432 695 3476 et
714 3423 814 3476 Christi
827 3424 932 3476 Christo
953 3440 987 3474 ne
1005 3423 1157 3476 fidentium.
1176 3419 1305 3494 quenadn

270 3491 335 3543 dum
356 3494 427 3544 enirn
441 3493 539 3544 Cuinus
557 3494 659 3545 invidia
678 3495 791 3563 flagrans
808 3496 919 3563 profuso
934 3442 1026 3546 ‘inuis
1047 3497 1178 3564 sangnine
1195 3510 1249 3547 noa
1260 3489 1305 3542 solu

269 3579 286 3612 a
304 3563 349 3614 dei
371 3574 517 3633 conspectu
531 3566 671 3686 profugit,
687 3567 861 3617 verumetiam
879 3566 908 3617 in
927 3564 1061 3617 eiusmodi
1080 3557 1305 3618 exsecrationenii

269 3632 339 3684 cidit
358 3644 389 3686 ut
408 3634 529 3703 vagabun
550 3653 580 3687 us
599 3635 724 3688 interris
745 3644 863 3704 gemeret
887 3645 969 3706 atque
987 3642 1133 3700 tremeret,
1150 3637 1189 3689 sie
1209 3635 1279 3687 etiam
1292 3627 1305 3678 1¹

196 3738 200 3750 ,
270 3702 347 3756 (laica
366 3706 440 3756 natio
457 3714 569 3777 propter
588 3706 716 3759 invidiam
734 3722 787 3775 qua
804 3706 939 3776 flagravit,
966 3714 994 3757 et
1009 3707 1151 3776 profusum
1171 3707 1254 3777 ipsius
1269 3698 1305 3752 Ch!

271 3775 307 3824 sti
324 3777 494 3844 sanguinem,
525 3793 540 3829 e
569 3775 615 3828 dei
644 3784 789 3848 conspeetu
819 3778 952 3842 excessit,
979 3776 1088 3850 iamque
1105 3778 1175 3830 adeo
1194 3785 1295 3829 nemen

271 3858 379 3911 gemens
397 3848 550 3915 obvagatur.

341 3915 399 3967 lioe
419 3917 500 3970 modo
521 3926 615 3970 notam
634 3916 717 3970 Caino
741 3917 808 3971 deus
826 3918 966 3989 apposuit,
989 3934 1025 3969 ne
1043 3917 1077 3969 ab
1096 3918 1191 3988 aliquo
1207 3915 1305 3986 perine

271 3988 333 4046 tur,
361 3984 391 4036 id
414 3989 488 4055 quod
510 3989 630 4042 futurum
656 3990 834 4042 existimarat.
861 3990 961 4041 etenim
980 3988 1038 4058 ipae
1057 3989 1164 4040 dixerat
1183 3982 1305 4053 „accido‘

272 4053 322 4176 Ἑλ
340 4069 506 4127 mesenque
525 4061 656 4129 repererit
673 4059 803 4111 occidat''
822 4060 952 4128 Iosephus
970 4060 1053 4111 tradit
1067 4059 1182 4111 Cainnna
1200 4059 1305 4111 obrem⁸

311 4140 363 4190 nm,
381 4142 416 4180 ne
428 4129 458 4182 in
475 4128 652 4201 abrogatione
672 4147 720 4184 ana
733 4130 804 4184 sorte
822 4130 851 4182 in
868 4129 976 4184 belluas
997 4129 1151 4200 incideret5
1169 4143 1255 4207 eoque
1266 4126 1305 4193 pse
