2766 4800
190 251 261 311 vm
546 210 687 312 mnan
717 246 949 314 nnn1carro.
1041 217 1054 260 ³

184 411 358 484 grassatur,
378 401 427 464 Tu
447 402 614 463 constituta
635 423 710 485 pace
733 411 764 464 ct
782 402 956 487 languentes
979 423 1015 464 ac
1034 421 1135 486 prope
1156 402 1266 465 semia.

186 503 280 564 nimes
303 503 417 563 litteras
440 502 594 582 excitanti,
616 511 648 565 ct
674 503 816 585 neglectis
836 523 872 565 ac
891 502 986 565 veluti
1004 502 1143 586 profugis
1164 503 1267 564 virtu.

185 603 266 663 tibus
286 604 445 685 Europam
468 603 591 664 omnem
611 602 696 686 quasi
720 601 868 684 templum
890 601 1016 686 aliquod
1035 602 1200 686 aperuisti,
1235 603 1268 663 in

187 722 251 785 quo
274 702 378 785 quiete
399 701 541 785 deinceps
562 723 598 764 ac
620 701 739 784 placide
760 702 946 765 colerentur.
969 711 1000 764 et
1018 700 1146 764 habebit
1166 710 1270 765 tamen

188 801 220 860 in
242 801 293 861 illa
313 801 538 884 tranquillitate
559 800 660 863 hostes
681 823 750 862 suos
766 802 886 885 religio,
906 803 1004 863 minus
1022 801 1146 886 quidem
1160 802 1270 863 suren..

188 908 232 962 tes
254 899 415 981 audacter,
446 901 584 964 sednon
607 902 706 963 minus
737 900 855 963 idcirco
876 901 1071 966 metuendos:
1093 901 1220 964 habebit
1239 910 1272 964 et

186 1018 258 1061 suos
279 1002 407 1064 societas
427 1010 549 1080 nostre,
572 1001 624 1076 cui
643 1023 707 1063 non
728 1000 910 1064 indecorum
928 1010 974 1065 est
994 1000 1135 1081 eosdem,
1158 1023 1177 1063 a
1197 1001 1271 1085 qui-

187 1099 244 1161 bus
264 1101 389 1164 ecclesia
414 1088 565 1178 vexatur,
601 1100 808 1180 adversarios,
841 1099 993 1181 eundem,
1029 1122 1129 1186 aquo
1152 1099 1274 1162 defensa

188 1208 234 1261 est
253 1201 382 1282 religio,
404 1200 558 1264 vindicem
577 1202 623 1264 Te
645 1223 680 1264 ac
701 1210 870 1285 patronum
889 1200 1033 1284 experiri.
1052 1223 1159 1285 perge,
1178 1200 1273 1262 Prin-

188 1319 259 1380 ceps
275 1301 528 1381 Eminentissime,
549 1300 588 1364 de
606 1309 740 1385 utraque
758 1301 838 1364 bene
851 1301 979 1364 mereri:
1000 1302 1043 1362 sic
1064 1301 1122 1363 tibi
1142 1298 1274 1361 vicissim

191 1407 340 1482 utraque,
364 1400 450 1484 quod
470 1424 622 1465 summum
642 1400 757 1478 hahet,
788 1401 959 1485 gratissimo
979 1402 1082 1464 animo
1105 1398 1275 1484 rependat,

192 1500 290 1561 altera
316 1500 497 1584 dignitatem
527 1503 613 1564 orbis
639 1510 797 1564 terrarum
820 1523 1014 1585 supremam,
1036 1500 1132 1577 altera
1155 1500 1277 1583 plenam

193 1599 349 1682 religionis
381 1603 556 1685 amorisque
586 1603 803 1670 reverentiam.
843 1601 877 1664 hi
897 1610 988 1681 suut,
1018 1602 1166 1684 Princeps
1186 1597 1275 1662 Emi-

149 1708 151 1711 ’
194 1701 384 1780 nantissime,
419 1702 573 1764 societatis
600 1710 724 1766 nostrae
744 1723 865 1782 sensns,
888 1722 965 1786 quos
983 1701 1128 1786 profiteri
1148 1720 1208 1784 per
1221 1720 1278 1771 ane

194 1800 306 1878 voluit,
328 1801 411 1862 inter
424 1800 501 1864 haec
515 1802 578 1864 eius
596 1811 670 1865 vota
682 1811 714 1865 et
732 1810 889 1866 terrarum
907 1803 1044 1865 omnium
1059 1800 1279 1885 gratulationes

193 1907 301 1982 patere
322 1898 385 1963 hoo
406 1901 463 1963 tibi
497 1903 636 1985 quamvis
657 1911 750 1966 tenue
770 1901 952 1983 denudum,
987 1902 1062 1965 dum
1082 1901 1203 1962 maiora
1224 1919 1280 1961 ex-

195 2002 357 2082 solvamus,
380 2001 526 2087 appendi.
545 2001 715 2066 laudabunt
730 2002 800 2080 atii,
816 2003 899 2082 scio,
919 2003 952 2063 in
971 1999 1204 2086 quadripertitis
1217 2018 1279 2063 uo-

195 2101 252 2160 stri
272 2100 392 2182 dicam,
413 2124 452 2171 au
473 2103 576 2184 potius
594 2103 671 2182 Tui,
690 2103 827 2165 eSicilia
854 2102 980 2164 oriundi
1000 2085 1155 2165 Michaelis
1165 2099 1282 2184 Glycae

195 2202 369 2279 annalibus,
396 2200 544 2264 historiae
563 2222 667 2264 sacrae
695 2223 731 2263 ac
763 2202 913 2284 profanae
940 2200 1075 2262 mirabili
1098 2198 1282 2265 dexteritate
1335 2256 1342 2275 ,

194 2299 340 2361 insertam
359 2300 568 2382 theologiam,
593 2300 768 2365 divinarum
796 2300 972 2363 litterarum
991 2300 1283 2382 interpretationem

195 2386 228 2461 et
248 2399 401 2464 assiduum
420 2409 599 2462 sanctorum
621 2407 747 2483 patrum
767 2422 856 2461 assum
874 2422 946 2461 cum
966 2399 1136 2463 medicinae
1155 2400 1283 2462 scientia

197 2523 233 2563 ac
256 2522 363 2564 rerum
384 2501 571 2564 naturalium
592 2500 771 2584 cognitione
793 2501 1005 2581 coniunctum,
1024 2501 1203 2584 principum
1214 2501 1283 2561 Ro.

196 2622 265 2664 mae
286 2608 319 2662 et
338 2600 608 2683 Constantinopoli
629 2600 848 2683 imperantium
877 2601 998 2686 sibique
1017 2601 1150 2666 invicem
1172 2598 1284 2664 ordine

197 2700 427 2763 succedentium
446 2724 465 2762 a
488 2701 565 2770 lulio
583 2700 712 2762 Caesare
739 2698 778 2762 ad
803 2699 900 2763 Alexii
921 2700 1071 2766 Comueni
1094 2700 1214 2761 obitum
1235 2721 1284 2762 res

103 2849 105 2852 .
159 2813 172 2835 ·
198 2800 358 2884 praeclare
381 2810 477 2885 gestas
500 2801 654 2884 ingeniose
674 2821 832 2878 connexas,
852 2808 1022 2864 certantem
1044 2823 1115 2866 cum
1132 2800 1284 2883 eloquen-

199 2905 243 2964 tia
264 2903 378 2985 ingenii
398 2902 595 2980 felicitatem,
628 2922 700 2964 cum
729 2922 836 2966 rerum
857 2900 1199 2967 varietatejucredihili
1220 2918 1285 2962 non

200 3003 417 3064 inconcinnam
446 3002 648 3080 brevitatem,
679 2999 877 3084 digressiones
903 3001 1038 3085 denique
1064 3000 1103 3064 ad
1122 2998 1286 3065 levandum

200 3104 325 3170 lectoris
349 3102 484 3164 taedium
507 3102 567 3166 suis
597 3109 669 3186 apte
687 3101 762 3167 locis
792 3101 965 3166 collocatas.
1009 3123 1066 3185 ego
1088 3122 1163 3163 vero
1185 3121 1294 3182 neque

202 3204 234 3264 in
255 3204 317 3264 hoc
338 3225 440 3287 neque
468 3202 501 3263 in
529 3202 611 3282 aliis,
643 3224 724 3287 quae
755 3201 827 3264 Tibi
859 3226 877 3270 a
905 3202 1001 3269 nobis
1016 3201 1123 3265 offerri
1141 3207 1286 3284 possent,

201 3303 400 3381 muneribus,
432 3303 600 3386 quicquam
631 3323 777 3386 magnum
806 3297 915 3386 Teque
944 3301 1090 3385 dignum,
1126 3299 1287 3361 aestimare

201 3403 312 3480 statui,
334 3403 390 3462 nisi
409 3404 460 3465 cui
481 3404 531 3464 Tu
552 3402 696 3470 laudator
716 3413 748 3466 et
777 3403 972 3485 approbator
992 3400 1159 3463 accesseris.
1200 3396 1285 3475 vale,

203 3512 235 3564 ct
269 3504 299 3563 in
321 3503 433 3564 multos
456 3523 551 3567 annos
571 3503 641 3568 felir
662 3503 744 3567 rive.
785 3504 907 3584 Dabam
925 3501 1067 3568 Lutetiae
1093 3500 1287 3566 Parisiorum

202 3601 264 3669 tal.
287 3603 433 3665 Decemb.
454 3603 526 3663 anni
550 3600 638 3669 1659.

325 3719 518 3786 Eminentius
531 3721 618 3782 Tuae

597 3885 814 3949 addictissimus
835 3884 997 3946 Passurus
1019 3882 1118 3949 Lissa

700 4007 762 4051 soc.
784 3987 850 4047 lesu
874 3981 1044 4066 presbyter.

618 4153 884 4172 Μ-
