2722 4800
256 242 313 327 80
583 262 804 354 7ιιιοιιιιιιιιε
834 260 996 331 caucin

256 419 292 484 τό
310 415 425 501 σεμνόν
443 418 496 503 τῆς
514 416 655 502 χηρείαςτ
667 415 725 485 κατ’
740 416 825 499 παρό
847 424 910 493 τοῖς
928 413 1054 500 α’λόγοις
1073 415 1129 480 τοῦ
1143 417 1178 481 όν
1195 424 1264 493 ταῖς
1282 443 1310 481 ru

211 589 213 593 .
256 516 428 602 λυγαμίαις
448 517 609 600 ἀπρεποῦς
630 513 866 600 προτιμότερον.
1022 590 1026 600 ,

319 613 523 693 Ἀόικοότατος
537 615 612 702 περὶ
621 615 678 700 την
689 618 750 681 τῶν
763 613 897 699 ἐγγόνων
912 610 1032 699 τροφὴν
1047 611 1066 678 ό
1084 609 1184 690 αέτός.
1204 612 1265 679 δύο
1278 613 1310 697 γό

255 713 415 798 ἐξαγαγών
436 715 608 798 νεοσσοός,
629 713 685 779 τόν
704 717 808 798 ἓτερον
835 708 942 778 αότῶν
962 716 1007 789 εἰς
1025 716 1084 795 γῆν
1104 713 1310 798 καταρρηγνυι

254 824 325 890 ταῖς
354 820 487 899 πληγαῖς
512 818 576 878 τῶν
594 817 717 900 πτερῶν
739 810 982 894 α’ποιθοόμενος,
1015 811 1068 876 διὰ
1088 810 1122 878 τό
1144 815 1200 896 τῆς
1219 835 1310 898 τροφι

254 915 400 978 ἐπίπονον
431 910 468 979 όν
496 917 656 997 ἐγέννησεν
687 909 945 992 α’ποποιοόμενος.
1001 913 1072 975 ἀλλ’
1092 911 1149 975 ου’κ
1171 914 1210 998 ἐρῖ
1230 917 1310 976 rosio

255 1011 377 1099 ῆφηνη
399 1012 647 1099 Ιδιαφθαρῆναι,
676 1015 746 1076 ἀλλ’
778 1011 985 1094 ὑπολαβοῦσα
1014 1004 1112 1076 αότόν
1130 1019 1195 1085 τοῖς
1216 1012 1310 1075 οἰκεία

177 1121 204 1172 Ρ.
214 1120 248 1190 ln
256 1112 336 1197 αὕτη
357 1122 497 1188 νεοσσοῖς
516 1114 731 1199 συνεκτρίφει.
772 1107 809 1177 όν
833 1114 868 1177 δὲ
890 1107 1048 1196 κρατήσας
1068 1112 1238 1195 ἐκθρέψειν
1256 1133 1309 1175 νεο

254 1207 349 1278 τόνό
378 1208 483 1292 αἐτός,
515 1208 670 1292 λαμβάνει
703 1209 760 1276 καί
784 1213 976 1277 συνίσταται
1009 1212 1112 1297 αὐτῷ,
1136 1209 1191 1273 καί
1210 1207 1268 1276 ἑόν
1286 1208 1310 1275 ir

254 1309 355 1376 αότόν
382 1307 545 1391 εὐτόλμως
572 1313 633 1391 μὲν
658 1308 711 1376 τόν
748 1311 828 1396 ἆὲρα
858 1308 1049 1393 νηχόμενον,
1075 1308 1280 1387 όξυοιποόντα
1305 1339 1310 1373 ι

253 1408 335 1493 πρὸς
354 1409 412 1495 τήν
431 1414 490 1473 τοῦ
511 1405 601 1494 ἡλίου
623 1409 837 1494 λαμπρότητα,
858 1409 901 1486 σός
922 1410 1035 1474 οἰκεῖον
1057 1417 1290 1494 περιποιεῖται,

254 1513 294 1595 δὲ,
309 1509 354 1593 μη’
377 1532 431 1591 γε,
455 1507 498 1584 ὥς
519 1506 614 1573 νόθον
634 1504 819 1592 ἀποβάλλει.

332 1609 419 1675 Ἀλλ’
441 1607 600 1673 ἐπαινετόν
616 1606 650 1675 τό
675 1613 733 1692 τῆς
755 1605 892 1694 κορώνης
912 1610 1109 1695 φιλότεκνον,
1129 1605 1153 1692 ἢ
1174 1613 1229 1674 καί
1247 1633 1310 1673 πετι

251 1710 358 1790 μένοις
379 1700 440 1793 ἤδη
460 1715 524 1783 τοῖς
544 1716 675 1784 νεοττοῖς
696 1708 872 1793 παρέπεται
891 1711 1057 1787 σιτίζουσα
1078 1705 1195 1784 αότοός
1217 1710 1273 1775 καί
1290 1712 1310 1790 q':

251 1812 414 1894 τρέφουσα
433 1809 530 1892 μέχρι
550 1810 680 1878 πολλοῦ.
720 1811 797 1889 περί
815 1811 924 1889 μέντοι
943 1811 1007 1872 ταῖν
1027 1811 1171 1891 κορανῶν
1191 1808 1248 1872 καί
1262 1810 1310 1872 tais

253 1905 350 1994 φησίν
380 1906 397 1971 ό
427 1911 526 1990 μέγας
544 1910 714 1982 Βασιλειος
742 1909 776 1972 όν
797 1910 843 1997 rqi
861 1905 937 1990 περί
955 1910 1104 1991 προνοίας
1123 1903 1205 1996 λόγῳ
1226 1907 1310 1972 αὕτα

251 2010 385 2089 ,θαῦμα
405 2010 487 2090 μέγα
510 2010 576 2081 nuic
605 2006 639 2070 ui
656 2009 794 2093 κορῶναι
811 2014 875 2082 τοῖς
895 2013 1062 2091 πελαργοῖς
1080 2008 1310 2091 συναπαίρουσι

222 2103 487 2193 Βδορυφοροῦσιν
516 2108 624 2182 ου’τοῖς
661 2108 717 2171 καί
738 2109 1023 2195 παραπέμπουσιν,
1052 2104 1132 2187 ἐμοὶΙ
1144 2109 1249 2188 δοκεῖ,
1285 2132 1310 2169 κι

250 2208 437 2289 συμμαχίαν
458 2207 567 2281 αότοῖς
594 2202 664 2270 τινὰ
695 2207 872 2288 παρέχουσι
900 2201 980 2286 πρός
1000 2197 1133 2291 όρνιθας
1152 2204 1307 2286 πολεμίου

248 2313 380 2388 σημεῖον
401 2305 438 2366 δὲ
457 2304 579 2386 πρῶτον
597 2305 657 2383 μὲν
674 2301 720 2386 μὴ
736 2300 910 2388 φαίνεσθαι
930 2302 991 2366 ὖπό
1014 2301 1071 2368 τόν
1089 2300 1202 2387 καιρόν
1221 2306 1310 2368 ε’κεῖνι

250 2404 388 2488 κορώνην
407 2397 626 2465 παντάπασιν·
679 2398 785 2466 ἔπειτα
804 2398 1099 2484 μετότραυμυίτοον
1121 2400 1310 2488 ἐπονερχόμι

248 2524 302 2566 ναι
323 2502 380 2585 τῆς
399 2501 586 2584 συμμαχιοις
605 2500 722 2588 ἐναργῆ
741 2507 859 2584 σημεῖα
878 2502 1073 2584 κομιζουσι.”

248 2687 299 2740 bus
318 2693 391 2751 erto,
407 2686 481 2739 vitoe
498 2686 623 2738 nimirum
639 2684 738 2738 viduae
766 2686 912 2755 puritatem
932 2687 966 2738 ab
986 2687 1051 2755 ipsis
1069 2686 1151 2738 etiarn
1168 2684 1258 2739 brutis
1276 2703 1310 2740 an

247 2757 384 2812 mantibus
403 2757 545 2810 indecorae
564 2757 682 2826 plurium
700 2759 853 2826 nuptiarum
869 2758 1030 2826 appetitioni
1047 2758 1186 2826 praeferri.

319 2830 410 2898 Longe
435 2828 611 2881 iniustissime
639 2827 728 2879 estin
757 2826 919 2879 educatione
938 2844 1002 2879 suae
1027 2827 1130 2880 sobolis
1148 2827 1251 2897 aquila.
1271 2845 1310 2881 na

248 2917 310 2952 cum
325 2900 415 2969 pullos
434 2898 500 2950 duos
520 2897 662 3018 produxit,
681 2898 795 2949 alterum
817 2899 959 2951 interram
978 2897 1074 2949 delicit
1091 2898 1192 2949 alarum
1212 2899 1310 2952 verber

246 2971 298 3023 bus
315 2979 484 3039 protrusuui,
506 2987 521 3019 o
564 2967 733 3019 educationis
759 2967 862 3019 scilicet
877 2985 1018 3020 aerumnas
1037 2976 1119 3038 atque
1136 2969 1275 3022 molestior
1295 2971 1310 3021 u

247 3051 305 3094 tum
326 3039 360 3089 ab
378 3055 407 3090 se
424 3047 592 3109 procreatum
613 3055 759 3089 removens·
776 3038 824 3090 sed
841 3038 977 3090 abiectum
998 3037 1103 3108 phene,
1123 3055 1203 3109 quam
1224 3041 1310 3093 ossiiri

247 3128 306 3181 gum
321 3109 429 3171 dicunt,
445 3110 535 3178 perire
551 3126 607 3160 non
626 3110 705 3160 sinite
726 3126 787 3160 nam
814 3108 950 3160 sublatum
970 3112 1025 3160 suis
1043 3127 1103 3161 cum
1121 3110 1204 3179 pullis
1227 3111 1310 3163 educa

248 3198 329 3252 quem
356 3187 445 3231 autem
470 3180 575 3248 pullum
600 3180 658 3248 ipsa
678 3179 726 3231 alit
743 3179 849 3248 aquila,
877 3195 969 3232 secum
982 3179 1082 3232 deinde
1099 3181 1197 3245 sumit,
1215 3191 1244 3234 et
1262 3184 1310 3234 ints

246 3249 393 3306 volandum
412 3266 471 3301 curn
489 3267 540 3314 eo,
564 3249 589 3301 'si
607 3248 718 3318 quidem
738 3249 867 3303 audacter
883 3257 946 3303 aira
964 3260 1098 3304 secantem
1114 3251 1250 3304 videatne
1268 3255 1310 3305 sol

247 3320 419 3393 splendorem
440 3321 524 3372 acutis
552 3328 726 3371 contuentem
746 3320 846 3386 oculis,
866 3330 898 3375 ut
915 3340 993 3375 suum
1010 3323 1112 3375 retinet
1128 3332 1211 3394 atque
1229 3335 1310 3379 servat

247 3395 291 3447 sin
308 3402 414 3455 eutem,
433 3407 482 3442 ceu
499 3392 619 3459 spurium
637 3390 738 3443 obiicit.

316 3464 337 3516 E
358 3462 491 3514 contrario
520 3462 632 3512 cornicis
657 3477 730 3513 amor
746 3461 776 3513 in
794 3459 916 3514 sobolem
942 3460 1091 3531 praedicari
1108 3470 1244 3525 meretur,
1261 3480 1310 3534 qua

246 3535 338 3605 pullos
362 3535 413 3584 iarn
439 3532 560 3584 volantes
587 3531 764 3583 nihilominus
789 3548 834 3584 eos
853 3541 1036 3595 consectatur,
1054 3535 1154 3602 poscit,
1173 3543 1201 3586 et
1218 3534 1310 3603 longui

210 3636 228 3650 κ
246 3607 312 3658 satis
332 3601 366 3656 ad
390 3613 496 3673 tempus
515 3602 619 3655 educat
650 3601 684 3654 de
701 3602 742 3654 his
761 3620 870 3671 magnus
896 3603 945 3653 ille
963 3603 1077 3656 Basilius
1107 3603 1174 3656 haec
1200 3605 1311 3656 etiami

247 3677 370 3727 oratione
383 3692 430 3726 sua
453 3673 487 3725 de
511 3673 683 3743 providentio
703 3672 793 3725 tradit.
816 3690 877 3734 res,
895 3674 1000 3741 inquit,
1019 3681 1060 3726 est
1077 3676 1162 3739 mira,
1180 3691 1241 3726 cum
1259 3677 1310 3727 cicc

245 3746 299 3798 niis
317 3747 437 3797 cornices
456 3744 611 3809 discedere,
637 3745 770 3813 quasique
787 3744 919 3796 satellites
938 3759 1029 3795 eurum
1048 3752 1077 3797 et
1094 3746 1199 3798 itineris
1218 3747 1310 3799 comite

247 3832 313 3868 esse.
344 3817 508 3885 quinetiam,
531 3832 591 3866 mea
619 3814 730 3884 quidem
759 3815 910 3877 cententio,
932 3813 1024 3866 serunt
1055 3817 1093 3867 eis
1119 3816 1246 3868 adversus
1268 3834 1310 3869 uve

246 3885 375 3955 quasdam
392 3885 505 3939 hostiles
524 3886 661 3938 auxilium.
680 3884 823 3955 quodesse
840 3901 932 3937 verum
950 3886 1067 3955 primum
1086 3903 1118 3939 eo
1130 3888 1206 3955 signo
1223 3889 1310 3957 collig

243 3964 301 4021 tur,
313 3955 388 4026 quod
408 3972 441 4007 eo
461 3965 584 4027 tempore
601 3973 734 4027 nusquam
754 3956 811 4006 ulla
829 3955 922 4006 cornix
934 3957 1129 4027 conspiciatur,
1141 3956 1242 4010 deinde
1255 3976 1310 4030 quo

246 4043 307 4078 cum
326 4025 486 4149 svulneribus
505 4036 671 4082 revertentes
687 4027 834 4099 praertitne
852 4025 989 4082 societatis
1016 4027 1156 4084 evidentes
1181 4037 1261 4083 notas
1287 4046 1310 4083 ιι

246 4113 308 4149 eum
339 4104 424 4150 erent.
