2766 4800
249 1004 703 1100 IMMANUE'LIS
743 1003 1055 1102 BEKKERI

465 1215 807 1292 PRAEFATtO.

519 1438 755 1455 m

92 1601 340 1709 Michaelem
370 1632 532 1738 Glycam
570 1633 639 1736 qui
677 1633 826 1738 primus
856 1635 999 1712 Graece
1039 1636 1178 1728 edidit,
1247 1628 1251 1638 '

89 1765 298 1871 Philippus
330 1765 502 1842 Labheus
544 1763 738 1842 codicibus
781 1768 1050 1873 manuscriptis
1092 1796 1181 1845 usus

93 1908 150 1965 est
174 1909 220 1967 ut
244 1891 377 1966 multis
399 1881 438 1969 et
462 1889 573 1966 bonis
598 1891 651 1966 ita
683 1890 874 1994 plerisque
894 1917 977 1968 sero
999 1894 1179 1997 impetra·
1245 1960 1246 1963 ,

99 2013 167 2098 tis,
197 2011 385 2116 siquidem
419 2014 499 2119 ipse
542 2013 825 2113 „monendum”
861 2015 991 2117 inquit
1022 2041 1177 2104 „censeo

91 2135 270 2212 lectorem
295 2156 385 2213 ante
408 2138 701 2241 aliquotannos
724 2161 785 2210 me
808 2134 1016 2220 editionem
1040 2138 1177 2213 Graeci

88 2276 218 2344 ¹teritus
247 2287 293 2335 ex
324 2260 475 2337 duobus
507 2259 762 2336 bibliothecae
792 2279 942 2337 nostrae
965 2261 1176 2336 manuscri-

87 2384 169 2487 ptis
181 2382 384 2484 'codicibus'
407 2384 554 2461 mutilis
577 2401 693 2487 atque
729 2384 958 2490 imperfectis
982 2403 1177 2461 maturare

86 2525 266 2583 coactum
297 2508 427 2598 luisse,
461 2507 704 2611 eundemque
743 2528 869 2614 postea
904 2510 1106 2585 contulisse
1130 2537 1176 2586 ac

85 2633 318 2737 supplevisse
343 2634 484 2738 partim
510 2658 556 2707 ex
583 2634 844 2736 manuscripto
874 2631 1003 2708 codice
1028 2632 1177 2708 charta·

86 2782 158 2830 ceo
181 2757 346 2860 optimae
373 2775 499 2845 notae,
533 2784 555 2830 a
581 2756 779 2830 celsissima
803 2756 978 2859 principe
1004 2754 1175 2832 Iohanne

85 2879 296 2985 Baptistide
319 2880 524 2970 borbonio,
550 2879 718 2983 generali
751 2878 898 2956 ordinis
921 2877 1177 2954 Fontisebral-

86 3002 215 3078 densis
238 3004 424 3089 antistita,
450 3028 497 3078 ex
529 3003 823 3106 locupletissima
847 3001 1174 3078 archimonasterii

83 3126 146 3201 sui
162 3127 392 3204 bibliotheca
404 3118 632 3232 deprompto
656 3144 773 3228 atque
789 3125 1060 3201 humanissime
1084 3125 1174 3202 sub-

85 3249 314 3340 ministrato,
330 3250 482 3355 partim
504 3276 551 3325 ex
566 3250 680 3325 variis
701 3250 885 3352 excerptis
902 3247 952 3323 ad
965 3275 1026 3323 me
1051 3268 1172 3326 trans-

84 3374 207 3452 missis
230 3354 461 3449 cum'Roma
489 3401 510 3457 a
535 3376 583 3450 V.
610 3375 648 3449 C.
680 3376 780 3462 Luce
806 3373 1017 3461 llolstonio‚
1043 3373 1172 3449 erudi·

85 3497 193 3572 tione
217 3499 322 3573 omni
348 3517 463 3600 atque
475 3496 717 3574 humanitate
738 3487 946 3602 perpolito,
972 3525 1017 3572 ex
1041 3497 1171 3574 codice

83 3621 339 3698 vallicellano
363 3625 437 3697 RR.
463 3626 532 3697 ΡΡ.
559 3621 861 3725 congregationis
883 3622 1064 3708 Oratorii‚
1088 3639 1170 3696 tum

82 3750 255 3847 Augusta
285 3743 579 3822 vindelicorum
614 3772 636 3818 a
667 3748 709 3819 R.
744 3748 783 3819 P.
816 3744 969 3826 Simone
1001 3746 1169 3847 Wagne-

80 3869 233 3959 rectio,
256 3870 442 3945 societatis
467 3888 616 3945 nostrae
640 3867 814 3971 theologo
830 3873 882 3963 τῷ
895 3862 1099 3968 μακαρίτῃ,
1123 3895 1170 3946 ex

79 3992 328 4069 bibliothecis
352 3992 528 4073 Bavarica
561 4011 677 4096 atque
709 3991 878 4068 eiusdem
902 3992 1170 4067 celeberrimae
1219 3980 1221 3985 ’

78 4117 139 4194 rei
166 4116 346 4223 publicae
378 4116 652 4221 Augustonae.’'
693 4144 773 4195 non
806 4117 936 4224 potuit
967 4117 1086 4222 igitur
1109 4115 1168 4194 vir
