2708 4770
407 271 620 363 tunsarum
648 275 749 341 atas
779 278 831 363 ιν.
959 350 963 356 ,
1056 248 1140 364 589

65 423 260 512 ἐφρόντιζεν,
279 418 342 485 siuti
365 427 421 488 τοῦ
438 421 583 491 Ἰωάννου
603 422 722 491 τούτων
742 427 975 509 διοικουμένων.
996 429 1051 494 έπιΙ
1069 428 1141 492 ταδ-

63 547 132 599 τοις
156 524 190 587 δέ
211 523 266 585 καί
284 527 434 614 Ι’συνεγιδς
462 523 520 610 την
541 527 723 610 οἰκουμένην
748 523 860 601 δδεὸς
882 523 981 608 ibere,
1001 526 1057 593 καί
1076 529 1143 592 δεί.

3 668 22 711 ρ
62 623 153 707 ματα
184 629 327 702 κατεῖχον
358 622 476 707 αδτην,
508 625 541 688 έν
575 624 701 712 οδρανρῖ
727 627 786 707 μὲν
813 628 956 710 κομητῶν
977 627 1165 708 tuirstat,

63 720 176 802 ἄνεμοι
197 722 331 803 έναέριοι
356 717 411 786 καί
430 714 544 805 ὄμβροι
573 722 739 808 ῥαγδαῖοι,
760 725 795 789 έν
815 726 855 810 γῇ
879 726 913 788 δέ
933 729 1072 809 βρασμοί
1090 730 1146 790 κατ’

33 821 189 892 §aldana-³
225 817 248 883 ά
275 821 314 903 δη
336 824 391 884 καί
409 816 606 905 προεμήνυον
625 820 680 906 τήν
701 827 771 904 μετ’
789 814 918 886 adnati
940 827 1146 908 γενησομένην

61 924 128 987 τῶν
147 918 342 1003 κρατούντων
365 920 600 1007 καταστροφήν.
623 919 640 985 δ
660 927 799 997 τοιοῦτος
821 924 855 987 δὲ
874 921 1015 1005 Ἰωάννης
1034 924 1147 998 ω’νίους

61 1018 122 1095 τάς
143 1016 245 1102 ἀρχάς
274 1017 461 1099 ποιούμενος
492 1020 618 1105 μυρίων
644 1025 747 1087 κακῶν
774 1020 830 1107 την
867 1024 1050 1106 οἰκουμένην
1078 1024 1145 1086 ένέ.

61 1126 173 1204 πλησε.
216 1114 269 1182 διά
291 1113 467 1201 γάρτοῦτο
489 1121 545 1182 καί
573 1116 647 1195 soris
666 1121 869 1203 Βουλγάρονς
889 1121 1071 1204 ἀντιστῆναι
1090 1145 1145 1184 πε·

61 1223 189 1301 ποιήκε·
252 1221 309 1282 τοῦ
332 1215 392 1301 γάρ
413 1220 584 1282 Βασιλεέου
617 1222 651 1284 ἐν
680 1216 782 1285 εἰδεσέ
799 1244 864 1285 τισι
890 1219 946 1305 την
979 1215 1243 1308 άπαέτησιννωλδ

11 1317 251 1398 ιοπαιουμένου
281 1314 367 1380 καθά
401 1314 441 1399 δὴ
464 1317 518 1381 καί
538 1315 556 1379 ὅ
576 1316 747 1401 Σαμουήλ,
777 1318 794 1382 δ
818 1318 962 1405 Ἰωάννης
980 1311 1069 1397 οὗτος
1091 1318 1144 1386 διά

59 1414 509 1504 νομισμάτων“έδασμοφο’ρει
538 1416 671 1499 αὐτούς,
705 1413 781 1484 ὅθεν
812 1419 868 1485 καί
885 1422 930 1494 εἰς
953 1413 1177 1491 turmarum

61 1515 239 1603 ἐχάρησαν.
633 1501 638 1515 ’

150 1616 285 1707 Τοιοδτιρ
303 1620 339 1683 δέ
362 1621 442 1683 τέλει
461 1620 668 1702 χρησαμένου
681 1615 835 1701 Μιχαάλ,
855 1616 891 1683 τὸ
914 1622 977 1684 πιῖν
995 1623 1146 1706 περιέστη

62 1721 175 1803 κράτος
198 1714 241 1793 uic
263 1719 309 1791 εἰς
329 1717 520 1801 κληρονόμον
535 1717 592 1802 την
611 1720 761 1801 βασιλίδα
771 1717 875 1801 Ζωήν.
918 1714 998 1805 αὕτη
1018 1722 1054 1782 δέ
1074 1722 1146 1783 διοιὲ

10 1820 251 1902 ι5λσγισαμένη
273 1813 317 1891 ὥς
337 1818 394 1880 uris
415 1811 454 1880 άν
465 1839 540 1880 ποτε
561 1814 600 1880 τά
622 1815 709 1879 κοινά
733 1815 885 1899 διεξάγειν
902 1816 983 1902 μόνη
1006 1815 1144 1901 δύναιτο,

3 2001 5 2013 y
61 1919 118 1984 τὸν
138 1919 192 1982 τοῦ
212 1919 367 1998 βασιλέως
381 1912 518 1998 Μιχαὴλ
536 1912 708 1995 Ιάμιάνυμον
727 1913 871 1996 ἀνεψιόν,
883 1920 1035 2002 Καίσαρα
1055 1910 1145 2002 ὅντα,

61 2015 142 2098 πρὸς
161 2018 195 2080 δέ
217 2017 272 2081 καί
291 2012 482 2098 δραστήριον
502 2008 581 2077 εἰναι
604 2016 764 2095 δοκοῦντα,
785 2012 958 2097 εἰσποιητὸν
980 2021 1146 2099 προσλαμ.

60 2118 154 2199 βάντι
177 2112 262 2195 υἱόν,
291 2117 346 2176 καί
364 2115 498 2194 βασιλέα
531 2116 640 2177 τοῦτον
663 2113 866 2195 οἰναγορεδει,
887 2113 1088 2197 κρατήσαντα
1110 2119 1146 2182 di

62 2213 142 2280 abaci
172 2218 276 2296 μῆνας
297 2209 346 2294 δ,
378 2208 482 2293 ὅρκοις
508 2207 660 2294 πρότερον
695 2211 792 2276 αδτὸν
820 2210 1083 2296 καταδεσιιὴσασα
1103 2216 1146 2292 uic

7 2315 177 2399 nosvps'us
205 2311 290 2396 ἔχειν
316 2308 418 2395 αδτην
448 2309 502 2375 καί
525 2315 648 2396 μητέρα
677 2315 732 2377 καί
751 2311 795 2396 μη
830 2312 1075 2396 παρεμποδίζειν
1093 2316 1145 2402 ἐφ’

138 2494 176 2545 ss.
194 2505 272 2555 spur.
291 2486 489 2559 -dl-xonrct
508 2489 606 2544 τοίνυν
625 2480 680 2542 σάν
698 2485 734 2558 τῇ
751 2487 813 2559 Ζωγῑ
833 2484 946 2558 Μιχαὴλ
962 2485 979 2542 δ
994 2488 1147 2562 λεγόμενοι

136 2558 299 2632 καλιιιγάτης
314 2559 408 2630 μῆνας
425 2555 450 2609 δ’
468 2557 496 2609 F.

66 2768 140 2822 erat,
159 2756 233 2828 quod
251 2773 294 2808 eae
313 2753 446 2806 lohannes
468 2755 550 2824 ipsius
570 2753 651 2806 l'rater
669 2752 875 2811 administraret.
897 2755 1001 2805 interes
1016 2756 1146 2810 continuo

65 2833 134 2883 deris
154 2829 247 2880 orbern
266 2827 419 2878 universum
443 2824 604 2894 quassabat,
631 2840 711 2893 quern
730 2825 783 2875 alia
799 2841 909 2893 quoque
928 2824 1147 2878 terriculamenta

65 2900 269 2955 lomridolosum
288 2895 458 2957 reddebant,
477 2896 505 2946 in
529 2894 604 2946 caelo
623 2902 786 2946 cometarum
805 2903 929 2957 exortus,
942 2895 971 2944 in
992 2897 1146 2949 adserenti

66 2983 97 3026 et
113 2973 278 3040 impetuosae
295 2968 419 3036 pluviae,
439 2967 468 3018 in
486 2974 555 3016 terra
574 2965 761 3016 succussiones
779 2982 925 3033 gravesque
943 2967 1147 3033 commotiones,

64 3057 137 3114 quas
150 3040 240 3093 omnia
266 3036 466 3107 portendebant
488 3052 543 3087 non
567 3037 652 3087 multo
668 3044 731 3103 post
748 3052 839 3086 eorum
862 3035 942 3086 linem
962 3037 1147 3105 appetiturum

64 3115 114 3184 qui
134 3115 190 3163 tum
211 3126 298 3161 rerum
317 3107 498 3177 potiebantur.
519 3107 687 3175 imperatoris
706 3107 816 3174 quidem
840 3106 922 3157 frater
939 3106 1071 3159 Iohannes
1090 3127 1147 3160 ma-

65 3187 193 3254 gistratus
212 3180 321 3232 venales
340 3177 466 3240 habebat,
482 3184 510 3228 et
525 3177 604 3228 malie
622 3176 737 3228 infinitis
750 3177 842 3228 orbem
861 3186 989 3228 terrarum
1008 3179 1147 3248 implebat.

64 3272 128 3307 narn
147 3254 230 3322 ipsius
248 3257 358 3319 quoque
378 3250 457 3316 culpa
475 3247 574 3299 lactum
595 3256 637 3298 est
653 3247 796 3315 utllulgari
810 3265 825 3297 a
840 3248 965 3299 Romanis
986 3248 1146 3303 delicerent:

87 3327 169 3394 uippe
191 3323 303 3373 Basilius
321 3323 468 3388 imperator
484 3319 587 3387 species
608 3316 737 3386 quasdam
758 3318 890 3371 fructuum
909 3335 924 3368 a
940 3319 1058 3386 bulgaris
1077 3321 1148 3389 exigi

64 3343 169 3447 debere
198 3392 293 3445 tributi
314 3390 425 3442 nornine
441 3390 575 3450 voluerat,
602 3404 682 3508 ηαυπτ
701 3404 804 3440 morem
825 3397 854 3440 et
870 3389 1009 3440 Samuelns
1028 3391 1147 3458 ipsorum

65 3484 116 3518 rex
136 3465 337 3516 observaverat:
357 3459 490 3512 lohannes
505 3467 594 3510 erstem
626 3475 656 3509 ac
673 3458 812 3511 exactione
830 3459 861 3511 in
872 3476 968 3511 aurum
986 3468 1147 3513 commutata

64 3536 188 3605 Balgarls
209 3534 376 3585 occasionem
392 3529 554 3582 delectionis
572 3528 708 3598 praebuit.

137 3605 258 3657 Tandem
274 3601 409 3655 Michaelo
427 3600 482 3651 rita
500 3599 607 3660 functo,
626 3607 752 3669 tanquam
767 3598 930 3651 hereditario
949 3599 1008 3651 iure
1021 3601 1147 3655 universa

64 3685 186 3747 potestas
205 3675 240 3728 ad
251 3676 321 3725 Zoeu
338 3672 533 3742 imperatricem
553 3670 649 3721 rediit
663 3686 694 3721 ea
721 3686 785 3721 vero
806 3669 1085 3723 cum.dcliberatione
1103 3689 1147 3724 sc·

66 3765 128 3800 cum
147 3746 237 3798 habita
261 3760 317 3799 non
340 3759 419 3812 posse
438 3759 466 3793 se
487 3741 572 3792 solam
589 3739 776 3792 administrare
793 3757 848 3792 rem
868 3740 1004 3810 publicam
1024 3743 1147 3795 animad-

66 3827 201 3876 verteret,
230 3815 398 3884 imperatoria
418 3811 545 3865 ldiclsaeli
572 3813 758 3880 cognominem
787 3818 816 3862 et
843 3813 940 3862 sororis
966 3812 1070 3873 lilium,
1098 3816 1147 3883 qui

65 3890 164 3942 Caesar
181 3888 337 3954 designatus
354 3892 413 3936 erat
429 3892 457 3935 et
474 3883 622 3936 industrius
640 3890 771 3951 aptusque
794 3881 873 3934 rebus
894 3882 1017 3950 gerendis
1031 3899 1088 3934 esse
1107 3887 1149 3936 ri·

66 3959 199 4020 debatur,
217 3957 376 4025 adoptatum
396 3955 449 4006 sibi
466 3953 602 4021 adiungit,
631 3968 663 4002 ac
681 3953 767 4003 filium
787 3952 1030 4022 imperatoremque
1048 3971 1148 4006 renim.

65 4031 131 4083 tiari
149 4037 229 4081 curat
251 4027 371 4095 praefuit
394 4025 472 4076 rebus
500 4040 604 4076 menses
630 4021 665 4073 ad
690 4031 826 4092 quattuor.
844 4025 918 4093 prius
936 4041 1015 4093 quam
1035 4026 1147 4094 imperio

66 4102 215 4171 potiretur,
239 4099 290 4150 doe
319 4096 491 4149 sacramentis
518 4112 578 4147 eum
603 4091 764 4155 obstrinxit,
790 4101 822 4145 ut
847 4095 1021 4163 polliceretur
1039 4112 1066 4145 se
1087 4096 1147 4148 loco

67 4171 194 4225 dominae
211 4185 243 4221 ac
260 4168 352 4221 matris
368 4183 428 4220 eam
445 4165 607 4230 habitururn,
627 4179 678 4221 uec
696 4162 753 4215 ulla
770 4179 799 4216 re
817 4163 937 4219 futurum
953 4165 1147 4236 impedimento
