2700 4792
252 240 255 247 ’
334 246 414 362 ¹94
639 267 873 337 rnunnius
888 264 1065 330 <ennean

328 431 474 513 μνοῦται,
496 425 694 510 παραχρῆμα
707 423 903 506 παραδείσου
925 419 1082 502 ἔξύριστοα
1102 421 1248 501 reiterant

327 528 466 607 τούτοις;
487 524 517 592 οἱ
535 528 591 609 τῆς
611 529 721 607 ψυχῆς
740 513 840 587 αύτού
852 523 1060 601 διανοίγοντοιι
1081 516 1248 602 ὀφθαλμοί

328 634 387 695 θεν
413 623 472 715 ὁρᾷ
498 627 648 707 καθαραῖς
678 616 743 688 οἷον
770 615 894 704 ἀγαθόν
912 620 998 683 ἐστιν
1019 616 1038 703 ἦ
1062 619 1115 701 τῆς
1136 618 1248 699 &moiri

233 738 260 798 Ρ.
274 726 384 797 sosani
407 720 482 790 ύσον
502 718 601 798 edire
620 720 714 787 κακὸν
736 718 755 805 ἢ
776 716 891 804 ταύτης
910 715 1098 802 παράβασις.
1120 715 1248 800 ούύὲγύ

327 825 382 893 τὸν
410 828 527 904 ἐκεῖνο,
558 825 643 886 καθά
665 843 763 908 φησιν
787 815 936 903 Ἰούσηπος
969 819 1025 882 καί
1055 819 1211 897 Νεμέσιος
1241 819 1248 879 ι’

326 923 510 1005 ἐπίσκοπος,
538 921 687 1006 τοιαύτην
708 915 774 1002 εἶχε
799 917 898 1004 φύσιν
929 913 1011 981 ὥστε
1043 925 1109 991 τοῖς
1136 913 1248 995 οἱπτομι

326 1026 388 1088 τού
410 1022 564 1110 φρόνησιν
586 1022 704 1086 ἐνιέναι
734 1021 793 1083 τού
811 1014 846 1083 τύ
869 1014 965 1082 καλὸν
986 1016 1248 1081 alterutrarum

326 1120 387 1207 γὰρ
411 1120 510 1201 ξύλον
536 1116 616 1186 adri
643 1118 787 1200 γνώσεως
813 1117 833 1201 ἦ
860 1115 935 1199 ἁγία
963 1113 1172 1195 κατονομύζιι
1191 1137 1248 1196 you

230 1266 232 1273 ·
327 1215 365 1285 ού
386 1218 439 1287 ded
466 1222 561 1284 τούτο
592 1218 648 1282 καί
677 1217 823 1300 τοιαύτην
855 1209 935 1280 oded
967 1210 1136 1298 κεκτῆσθαι
1158 1215 1248 1295 (leiren

327 1344 397 1403 μιν.
440 1322 507 1384 οίλλ*
528 1316 636 1401 ἐπειδὴ
662 1320 738 1399 περί
756 1312 835 1381 adri
862 1318 969 1398 γέγονε
988 1317 1044 1396 τῆς
1071 1314 1197 1394 ἐντολῆς
1219 1308 1241 1395 ἢ

326 1443 395 1496 osc,
418 1420 473 1482 καί
504 1414 800 1494 §reconsonando
822 1416 988 1498 ἐπεισῆλθε
1008 1417 1064 1497 τῆς
1082 1409 1242 1494 ύμαρτίας

327 1516 384 1582 καί
402 1513 554 1599 αἰσχύνη,
579 1512 633 1578 διαὶ
655 1518 745 1578 τοῦτο
765 1511 823 1594 τὴν
844 1514 1026 1592 ἐπωνυμίαν
1046 1509 1166 1593 ταύτην
1184 1511 1249 1587 edd}

327 1616 390 1699 γὰρ
411 1616 452 1702 τῇ
472 1609 545 1702 ἁγία
566 1617 675 1699 γραφῇ
696 1615 731 1676 ἐκ
762 1615 825 1677 τούν
847 1608 1085 1690 συμβαινόντων
1104 1609 1249 1692 πραγμύι

300 1716 423 1781 Βθέναι
452 1711 509 1776 καί
534 1712 575 1776 τὰ
605 1711 754 1788 ὀνόματα.
806 1709 862 1773 καί
886 1700 982 1773 ύκονε
1013 1708 1049 1772 τί
1066 1730 1164 1792 φησιν
1186 1708 1242 1771 ἐπί

215 1831 225 1852 ‘
328 1808 565 1897 sevonum
587 1807 745 1893 Ἰωάννης·
799 1810 854 1890 „n
872 1804 979 1894 torsa
1005 1808 1065 1886 μία
1083 1803 1165 1889 unt
1186 1803 1249 1871 eae

328 1913 400 1998 νίας
418 1910 552 1995 ἐκλήθη,
575 1908 637 1991 ούχ
657 1905 706 1974 ὅτι
726 1904 873 1991 τοιαύτην
894 1903 961 1987 εἶχε
981 1903 1079 1992 φύσιν
1100 1900 1181 1970 ὥστε
1202 1929 1249 1968 τοι

328 2014 385 2096 τῆς
408 2011 605 2092 α’ροομίνοος
624 2011 677 2085 είς-
691 2006 868 2090 ἀντιλογίας
889 2001 988 2080 eei-iric
1008 2006 1249 2089 μιτατρέπεσθα

327 2114 418 2178 τούτο
438 2102 495 2193 ἦν,
511 2110 567 2172 καί
595 2106 692 2183 αὐτὸς
715 2108 840 2189 Μωσῆς
863 2103 1026 2187 ἕξέκοίνης
1046 2102 1129 2169 πιών
1149 2102 1249 2167 uineta

328 2211 405 2294 θεῷ.
447 2206 592 2291 καθάπερ
615 2199 672 2270 σύν
692 2205 713 2290 ἦ
733 2202 816 2289 πηγή
846 2204 948 2285 ἐκείνη
970 2203 1009 2266 ού
1030 2198 1118 2284 παρὰ
1138 2200 1196 2285 την
1219 2204 1249 2268 οἱ

330 2331 403 2387 σιν,
431 2304 519 2387 παρὰ
551 2307 588 2368 tt
615 2300 673 2387 τῆν
704 2305 752 2368 ἐπι
781 2301 861 2388 αὐτῇ
891 2303 1057 2386 γενομένην
1077 2299 1245 2367 duceretur

331 2399 421 2486 ύύονρ
445 2401 621 2484 ἀντιλογίας
639 2399 777 2486 ἐκλήθη,
798 2396 881 2465 ούτον
900 2401 955 2463 καί
980 2399 1018 2462 τύ
1042 2398 1145 2485 φατόν
1166 2401 1250 2465 ἑκιϊνι

332 2500 409 2568 ordo
427 2501 528 2565 καλοῦ
543 2505 599 2566 καί
616 2507 756 2587 πονηροῦ
777 2501 817 2564 ού
838 2501 953 2583 γνῶσιν
972 2495 1066 2582 εἶχεν,
1087 2499 1156 2564 ἀλλ’
1176 2494 1250 2564 ὅτιπ

333 2597 437 2668 τύνιον
456 2601 502 2678 τίς
522 2600 637 2685 γνῶσιν
656 2600 785 2688 ἔρχεται
803 2602 863 2665 τού
881 2600 999 2666 εἰδέναι
1022 2595 1074 2666 dre
1088 2596 1184 2665 καλὸν
1204 2600 1250 2682 μὲ

407 2770 447 2810 ιο.
465 2750 555 2810 edroi
573 2754 602 2808 Ρ.

336 2900 467 2951 continuo
484 2898 575 2952 nudus
591 2899 716 2964 efficitur,
735 2898 826 2969 deque
841 2897 967 2968 paradito
987 2896 1141 2968 expellitur.
1159 2898 1227 2969 quid
1248 2902 1250 2949 ἕ

337 2969 402 3021 tur?
427 2973 587 3038 aperiuntur
614 2972 697 3022 animi
718 2971 777 3022 eius
795 2970 882 3032 oculi,
902 2987 957 3039 qno
977 2969 1048 3021 lacto
1067 2977 1197 3039 quantum
1224 2971 1250 3020 be

338 3039 491 3090 observatio
505 3040 626 3092 mandati
640 3041 778 3109 perspicit,
797 3049 984 3110 quantumque
1002 3049 1094 3091 contre
1113 3042 1214 3091 malum
1234 3058 1248 3091 e

340 3107 417 3159 latio.
434 3125 485 3160 aec
505 3110 577 3160 enim
595 3111 675 3162 arbor
694 3111 761 3174 illa,
779 3109 1006 3179 quemadmodum
1027 3111 1087 3162 lose
1107 3109 1157 3161 hus
1176 3119 1204 3162 et
1220 3112 1250 3162 Νι

340 3178 421 3244 tistee
438 3179 585 3230 Emeaeuus
607 3179 759 3244 declarant,
784 3181 919 3233 eiusmodi
946 3189 1068 3233 naturam
1088 3128 1209 3233 iubebat
1225 3191 1250 3234 ut

341 3248 516 3316 torpentibus
535 3249 644 3302 inderet
668 3252 856 3320 prudentiam,
882 3268 935 3322 qua
954 3252 1054 3303 bonum
1073 3252 1221 3302 aemulum
1241 3270 1250 3304 a

342 3319 450 3369 tametsi
475 3319 603 3370 nimirum
629 3320 738 3373 litterae
765 3337 855 3373 sacrae
871 3323 945 3373 illum
972 3322 1102 3374 scientiae
1129 3322 1231 3390 lignum

342 3405 399 3440 non
424 3388 520 3441 iccirco
548 3389 693 3443 dicendum
719 3390 799 3445 nobis
825 3399 867 3443 est
893 3392 974 3445 talem
1000 3394 1024 3444 ei
1052 3393 1105 3444 vim
1130 3392 1250 3445 adfuisse

343 3457 464 3511 mandati
485 3462 662 3527 transgressio
691 3463 720 3513 in
745 3478 777 3513 eo
796 3462 867 3513 lecta
891 3471 949 3526 ert,
972 3461 1006 3514 de
1035 3478 1089 3531 quo
1116 3473 1250 3515 consecuti

343 3529 450 3599 peccati
475 3531 579 3597 agnitio
604 3539 686 3600 atque
704 3532 807 3601 pudor,
836 3533 933 3585 iccirco
954 3549 1052 3583 nomen
1078 3532 1131 3583 hoc
1154 3536 1250 3586 meruit

311 3628 325 3653 ·.
345 3609 409 3652 runt
427 3600 501 3650 euim
518 3602 626 3652 litterae
636 3618 726 3653 sacrae
745 3602 779 3653 de
798 3620 886 3655 rerum
907 3606 1011 3655 eventia
1029 3603 1137 3654 nomina
1155 3605 1238 3655 etiam

344 3671 375 3722 di
393 3670 459 3740 quid
477 3669 526 3723 hac
545 3671 574 3721 in
591 3680 668 3740 parte
686 3671 890 3738 Chrysoatomus
908 3674 987 3724 dicat.
1015 3690 1083 3725 unus
1103 3673 1212 3743 qnidam
1231 3677 1250 3726 ir

345 3741 406 3792 fons
424 3740 617 3793 adversationls
638 3759 708 3812 aqua
726 3752 768 3795 eat
784 3754 938 3812 nuncupata
950 3743 1038 3812 (Num.
1060 3760 1092 3794 ao
1116 3747 1166 3812 13),
1186 3762 1242 3796 non

345 3811 421 3862 modi
439 3821 561 3864 naturam
584 3812 699 3865 haberet
726 3822 758 3865 ut
776 3829 808 3866 ex
825 3831 854 3864 ee
875 3813 1030 3865 haurientes
1053 3815 1080 3866 in
1101 3825 1208 3866 mutuas
1226 3833 1250 3865 αι

348 3881 492 3934 excitaret:
509 3900 572 3935 nam
590 3884 613 3935 si
634 3900 675 3935 rea
696 3884 735 3935 ita
757 3893 907 3953 comparata
925 3885 1028 3945 luisset,
1048 3886 1128 3935 etiam
1151 3888 1209 3955 ipse
1225 3887 1250 3936 lii

348 3951 431 4001 fontis
449 3951 529 4004 liniue
560 3969 630 4022 aqua
658 3953 710 4005 deo
728 3955 953 4006 contradixisset
968 3954 1195 4022 quemadmodum
1221 3972 1250 4007 er

348 4036 404 4072 nou
425 4037 473 4071 sua
492 4031 601 4085 natura,
627 4024 675 4075 sed
705 4034 815 4093 propter
833 4025 1009 4076 diffidentiam
1032 4026 1141 4094 populi,
1164 4044 1245 4096 σαντα

350 4088 551 4154 declaraverat,
579 4092 774 4146 adversationia
802 4111 872 4163 aqua
895 4104 1065 4163 nuncupatus
1091 4105 1147 4159 est,
1174 4098 1213 4148 sic
1236 4115 1250 4148 e

347 4160 512 4230 cognitionia
539 4163 603 4214 mali
628 4172 711 4234 etque
738 4164 804 4218 boni
830 4173 958 4230 vocatur,
977 4183 1033 4219 non
1053 4166 1128 4237 quod
1147 4169 1205 4239 ipsa
1223 4185 1250 4220 sc
