2766 4800
215 229 271 315 38
528 217 765 322 ‘urcuams
796 251 959 318 σινσκιι

181 401 294 479 nimo
321 411 408 475 ἕστίν
438 402 460 492 ἢ
478 407 619 490 σκίασμα
648 408 705 493 γῆς
725 409 784 474 τού
801 406 892 490 ἧλιόυ
912 400 969 487 την
987 404 1046 487 γῆν
1065 400 1305 487 ύποτρδχοντος.

71 521 84 550 ’
216 505 389 592 ιδνομύσθη
417 510 454 573 δὲ
475 505 532 585 νύξ
552 509 646 572 τούτο
674 505 708 572 τὸ
728 502 840 581 σκότος
852 555 861 587 ,
884 500 993 585 ἐπειδὴ
1016 501 1214 566 καθεύδοντα
1232 502 1306 566 νύτ-

215 631 264 672 τει
287 607 343 673 τὸν
365 600 601 691 ἄνθρωπονκαὶ
619 601 701 670 ούτοο
714 609 797 689 λέγει
810 604 982 687 μονονουχὶ
1000 600 1078 683 πρὸς
1099 597 1198 665 αύτόν
1220 599 1306 681 „isd-

215 712 274 789 θε,
302 701 329 772 τύ
361 697 527 790 ἄνθρωπε,
558 700 609 769 δτι
636 703 751 788 θνητὸς
781 698 826 770 σύν
853 700 940 791 ύπνιγ
969 701 1155 775 δουλεύεις.”
1199 695 1249 764 ὅτι
1271 704 1307 767 δὲ

215 807 374 888 κατανυγη
396 805 522 887 ἐστινὴ
553 805 627 885 νύξ,
648 803 704 868 κατ’
740 798 757 867 δ
778 799 944 888 προφήτης
965 799 1104 884 ἐδήλωσε
1124 799 1234 882 Δσβίδ
1253 797 1335 868 ιδ’-5

215 930 276 982 τοις
308 903 404 968 εἰπιύν
434 899 478 985 „nt
499 905 600 986 λέγετε
620 903 655 968 ἐν
674 910 745 978 ταῖς
772 901 917 986 καρδίαις
938 900 1051 982 ύμολν,
1074 896 1127 964 ἐπὶ
1147 907 1218 975 ταῖς
1244 902 1310 963 κοί-

216 1027 288 1079 ταις
306 1003 396 1085 ύμιύν
415 998 644 1085 κατανύγητε.”
686 1000 765 1066 κατὰ
783 1004 887 1066 ταῦτα
913 1002 948 1065 δὲ
969 1001 1024 1062 καί
1043 996 1079 1062 τό
1102 1000 1171 1084 φῶς
1193 996 1254 1081 ἡδύ
1280 1023 1311 1064 τι

217 1104 274 1167 καί
294 1099 404 1186 ἱλαρὸν
436 1095 472 1165 dr
494 1099 617 1185 ἡμέραν
636 1099 796 1182 ἐκάλεσεν,
814 1100 879 1164 *διὰ
901 1098 936 1165 τύ
956 1095 1097 1183 ἡμεροῦν
1116 1095 1155 1163 τύ
1179 1098 1310 1180 πάντα,

218 1200 385 1287 ὦσπερούν
407 1198 463 1265 καὶ
482 1198 523 1266 τὰ
552 1200 706 1287 χειροήθη
727 1203 791 1267 τῶν
825 1199 914 1280 ζώων
935 1194 1040 1286 ἥμερα
1060 1196 1115 1262 διὰ
1135 1202 1231 1262 τούτο
1252 1223 1311 1265 κα·

218 1305 363 1367 λοῦνται.
1035 1322 1039 1330 ’
1322 1320 1355 1363 ιο

299 1394 394 1465 otro
421 1401 481 1479 μὲν
502 1389 566 1464 ὀδν
589 1398 808 1475 α’νατέλλοντος
841 1401 899 1464 τού
917 1397 1009 1483 ἡλίου
1031 1400 1086 1461 καί
1104 1396 1253 1472 δύνοντος
1276 1393 1312 1462 εδ

140 1502 290 1588 Ρ.οοφῶς
313 1495 347 1578 ἐξ
365 1497 501 1583 ἀνάγκης
518 1496 575 1562 καί
592 1495 628 1562 τό
651 1495 760 1574 σκότος
779 1500 966 1583 παρέπεται,
987 1499 1112 1561 ἐναντία
1135 1501 1195 1579 μὲν
1215 1493 1315 1580 ἄλλη·

221 1606 305 1680 λαις,
327 1597 482 1679 οἷναγκοιῖα
517 1598 553 1661 δὲ
573 1604 639 1674 τοϊς
666 1594 848 1681 α’νθρούποις
873 1592 1053 1682 ἀμφύτερα·
1102 1592 1138 1659 τὸ
1169 1594 1311 1680 μὲνγὰρ

221 1694 304 1780 πρύς
341 1698 493 1779 ἐργασίαν
515 1701 661 1760 συντελεῖ
678 1703 743 1772 τοῖς
774 1691 958 1779 α’νθριύποις
980 1693 1036 1759 καί
1050 1693 1253 1760 ὑποδείκνυσι
1274 1693 1314 1760 τοὶ

223 1794 389 1878 δρώμενα,
412 1793 446 1858 τὸ
472 1795 508 1860 δὲ
529 1792 721 1858 διαναπαύει
750 1792 866 1869 αύτούς
887 1796 942 1857 καί
959 1790 1015 1858 τύν
1034 1797 1068 1858 ἐκ
1089 1796 1144 1877 τῆς
1163 1792 1358 1874 ἑργασύαςιδ

223 1890 350 1959 διαλύει
378 1890 480 1957 πόνον.
524 1890 545 1976 ἦ
574 1895 682 1975 μέντοι
699 1890 757 1970 νύξ
784 1896 839 1956 καί
856 1890 937 1956 κατοὶ
962 1895 1053 1957 τούτο
1072 1892 1229 1976 χρήσιμος
1251 1900 1317 1969 τοῖς

222 1986 406 2076 ἇνδρύποις
433 1990 636 2076 εύρύσκεται·
695 1995 776 2076 μέση
805 1989 865 2077 γύρ
901 1992 957 2055 καί
983 1985 1067 2074 αύτη
1095 1994 1222 2075 κειμένη
1256 1993 1317 2057 τοῖν

222 2091 353 2177 ἡμερῶν
371 2093 556 2175 μετρεῖσθαι
578 2089 634 2155 τὸν
652 2088 768 2175 χρόνον
789 2099 882 2160 ποιεῖ.
925 2088 1024 2173 elysio
1048 2086 1222 2171 οἷδιύδοχον
1243 2092 1318 2172 ἐμε-

224 2191 351 2274 μενηκει
380 2187 415 2253 τὸ
443 2192 528 2275 φύς,
550 2187 609 2252 ούκ
634 2184 674 2252 dv
695 2192 851 2254 ἐνιαυτῶν
882 2185 1137 2272 ε’μεμαθηκειμεν
1157 2185 1317 2273 κύκλους,

225 2287 286 2372 μιά
308 2291 343 2353 δὲ
367 2284 471 2365 ἔδοξεν
489 2281 529 2352 ἂν
549 2287 653 2371 ἡμέρα
676 2286 801 2361 πάντως
831 2281 913 2352 εἶναι
937 2289 995 2351 τού
1021 2284 1171 2370 παρόντος
1204 2292 1360 2366 αιόύνοςαο

225 2385 262 2455 τύ
281 2389 407 2473 μέτρον.
449 2380 527 2474 ὅπερ
549 2387 629 2463 ἕξειν
645 2385 697 2452 τὸν
718 2385 975 2472 προσδοκώμενον
992 2387 1093 2452 αἰῶνα
1114 2389 1318 2472 πιστεύομεν·

229 2591 320 2660 ipsum
345 2589 412 2643 solis
434 2606 530 2661 corpus
556 2589 681 2644 absolvit.
705 2591 799 2662 itaque
819 2590 872 2642 iam
893 2589 935 2643 sol
955 2592 1044 2644 oriens
1062 2591 1133 2643 diem
1155 2591 1252 2655 efficit,
1269 2593 1320 2646 sub

228 2670 328 2714 terram
349 2677 419 2717 ,vero
443 2672 529 2715 semet
554 2662 658 2714 abdens
687 2663 719 2714 fit
735 2679 814 2714 causa
839 2663 935 2713 noctis.
964 2665 1063 2713 etenim
1083 2662 1158 2714 aliud
1184 2661 1258 2715 nihil
1282 2673 1323 2717 est

229 2749 285 2783 nox
304 2749 385 2803 quam
403 2733 499 2785 umbra
518 2742 623 2796 terrae,
651 2733 780 2785 nimirum
797 2732 854 2784 sole
873 2732 922 2784 sub
940 2741 1038 2783 terram
1060 2733 1195 2784 occultato
1215 2736 1323 2805 iterque

230 2820 309 2854 suum
338 2813 459 2871 urgente.
484 2811 511 2855 et
539 2805 625 2872 caligo
654 2804 738 2856 istaec
766 2804 979 2873 appellationem
1007 2804 1094 2855 noctis
1114 2805 1220 2874 accepit
1237 2821 1272 2855 ex
1291 2822 1323 2856 eo

230 2873 305 2943 quod
320 2873 459 2925 hominem
479 2873 656 2926 dormientem
674 2883 777 2943 pungat
793 2867 857 2945 (νύξ
874 2874 947 2924 euim
967 2883 1039 2925 esta
1059 2875 1183 2945 νύττειν)
1202 2883 1325 2927 mutum-

230 2960 285 3013 que
303 2961 358 2995 non
376 2943 418 2995 his
447 2943 590 3013 adipsum
618 2944 710 2996 verbis
728 2953 821 2996 utatur
841 2945 929 3007 „scire
951 2944 1050 3006 debes,
1079 2943 1176 3008 bomo,
1194 2953 1222 2996 te
1251 2964 1325 2998 mor-

230 3014 316 3064 talem
335 3031 427 3065 somno
446 3015 571 3065 servire.''
591 3032 622 3066 ac
642 3014 945 3084 huiusmodiquandam
964 3015 1175 3067 stimulationem
1196 3032 1257 3068 esse
1275 3035 1325 3069 no-

232 3092 320 3147 ctem,
347 3085 406 3153 ipse
433 3084 551 3137 Davides
578 3086 687 3154 (Psalm.
707 3091 724 3153 4
743 3087 770 3157 5)
798 3087 880 3137 etiam
898 3085 987 3138 verbis
1005 3084 1046 3136 his
1064 3079 1210 3137 indica'vit:
1231 3103 1331 3158 „quae

232 3154 323 3205 dicitis
340 3154 369 3205 in
387 3153 515 3207 cordibus
535 3156 645 3221 vestris,
664 3158 693 3209 in
713 3155 851 3208 cubilibus
869 3158 965 3209 vestris
983 3157 1160 3227 pungimini.''
1177 3158 1219 3208 sie
1236 3167 1266 3210 et
1282 3159 1327 3209 lu-

232 3240 305 3286 cem,
326 3231 456 3294 tanquam
486 3242 541 3279 rem
569 3227 670 3278 laetam
688 3235 771 3297 atque
780 3236 906 3298 gratam,
934 3227 1043 3300 ἡμέραν
1060 3226 1173 3278 dicimus
1193 3246 1208 3277 a
1227 3229 1327 3296 iucun-

233 3294 341 3357 ditate,
362 3295 593 3364 quemadmodum
622 3297 716 3350 eadem
738 3297 772 3349 de
791 3314 870 3350 causa
889 3300 991 3351 cicures
1013 3297 1114 3350 bestias
1142 3295 1234 3370 ἥμερα
1253 3302 1326 3364 ζῶα,

233 3367 313 3437 quasi
334 3366 460 3417 animalia
479 3376 555 3435 grata
576 3376 604 3420 et
621 3369 751 3421 amabilia
774 3385 908 3421 vocamus.

305 3435 364 3487 lloc
390 3438 474 3508 igitur
491 3447 570 3507 pacto
591 3440 724 3492 soletum
748 3441 854 3491 oriente
875 3448 932 3492 tum
952 3438 1094 3491 occidente
1112 3437 1156 3490 vel
1175 3437 1264 3491 lucem
1283 3440 1327 3493 uel

234 3505 362 3558 tenebras
388 3515 430 3559 est
448 3510 526 3578 sequi
546 3525 677 3576 neeesse;
705 3526 775 3579 quae
803 3511 912 3579 quidem
933 3528 974 3562 res
993 3510 1063 3561 dune
1081 3509 1190 3560 sibimet
1208 3511 1326 3563 invicem

234 3578 429 3641 adversantur,
450 3587 479 3630 at
494 3579 590 3630 ambae
615 3590 680 3632 suut
696 3580 852 3632 hominibus
874 3582 964 3632 utiles.
991 3582 1037 3632 lux
1053 3581 1123 3630 enim
1143 3579 1179 3631 ad
1199 3597 1269 3650 opus
1288 3583 1329 3632 la·

235 3648 365 3699 ciumlnm
391 3648 496 3700 homini
527 3668 605 3702 usiam
633 3669 688 3703 non
714 3653 839 3720 exiguum
868 3659 1004 3720 praestat,
1035 3650 1180 3720 eidemque
1209 3667 1250 3702 res
1278 3653 1329 3704 sub

235 3728 374 3788 aspectum
392 3720 520 3772 cadentes
547 3730 754 3773 commonstrat:
779 3722 907 3774 tenebrae
926 3738 989 3773 vero
1006 3722 1134 3773 mortales
1154 3738 1203 3790 per
1219 3718 1330 3793 requie·

234 3797 291 3840 tem
311 3790 429 3842 vicissim
448 3792 550 3854 fovent,
569 3801 782 3863 conceptamque
800 3792 834 3844 de
857 3792 949 3843 labore
966 3792 1120 3843 molestiam
1142 3808 1250 3844 omnem
1274 3793 1330 3846 dis-

235 3860 334 3928 sipant.
354 3861 434 3912 etiarn
456 3863 510 3912 alia
528 3864 556 3913 in
575 3872 653 3931 parte
672 3873 779 3915 noctem
807 3862 964 3914 hominibus
982 3863 1079 3913 utilem
1097 3879 1155 3914 esse
1174 3863 1332 3933 deprehen-

237 3928 334 3981 dimus.
360 3948 422 3981 nam
451 3950 511 3983 cum
534 3933 630 3986 diebus
659 3935 804 3986 interiecta
832 3936 881 3998 sit,
907 3935 1037 4001 temporis
1064 3951 1217 3984 mensuram
1237 3936 1332 3988 efficit

237 4001 340 4069 quippe
360 4002 383 4051 si
403 4002 450 4052 lux
468 4005 596 4055 continua
616 4006 681 4057 citra
701 4005 898 4057 successionem
926 4005 1010 4054 ullam
1031 4004 1114 4065 soret,
1135 4021 1269 4056 annorum
1290 4024 1333 4058 or·

234 4070 287 4126 bes
306 4079 389 4142 atque
407 4075 595 4126 conversiones
614 4093 669 4126 non
687 4075 982 4137 animadvertissem,
1001 4076 1048 4125 sed
1067 4078 1151 4126 totius
1170 4077 1229 4126 aeui
1252 4077 1336 4127 ‹lura-

239 4141 277 4195 tio
309 4141 366 4196 dies
387 4144 498 4199 omuino
528 4161 599 4201 unus
618 4162 676 4201 ease
695 4148 767 4207 νίιιιι
798 4145 910 4211 luisset,
937 4145 966 4200 id
984 4146 1059 4217 quod
1077 4147 1198 4200 futurum
1218 4147 1248 4202 in
1267 4163 1335 4201 aeno
