2692 4784
385 277 600 343 suutuuu
627 275 732 341 usus
762 277 816 338 nr.
1037 247 1120 365 527

34 419 181 516 θροοαοι·
226 424 269 505 ὥς
296 429 330 492 ἐν
360 425 503 491 ἐκστάσει
532 430 589 503 ναί
606 423 665 509 γὰρ
686 423 843 508 γινόμενοι
864 423 995 490 ἐδόκουν
1016 428 1127 510 δντογ.
1236 476 1237 479 ,

32 534 148 618 χάνειν
168 527 303 614 α’νδράσι
323 525 389 595 τισί
403 531 559 609 βριαροῑς.
610 526 679 591 τότε
702 525 757 590 καί
775 528 880 606 ψῦχος
902 528 1022 609 γίνεται
1043 530 1126 610 μέγα

35 632 94 697 ααί
111 624 231 713 πικρόν,
254 623 334 693 aiore
355 630 411 692 καί
429 622 487 709 τῆν
507 624 654 710 ἀριστείαν
674 629 731 690 rosi
742 624 873 688 Πόντου
895 627 1052 708 παράλιον
1071 626 1127 691 εἀί

36 736 130 812 newa
150 726 177 812 ρ’
206 728 451 808 είετολιθωθῆναο
479 720 515 790 εδ
547 729 679 808 πέλαγος
706 724 741 788 εἐι
770 727 830 788 τοῦ
863 724 1000 808 κρύους,
1023 726 1068 802 εἰς
1090 727 1126 790 di

8 833 139 912 δθτίθος
162 829 216 892 δαί
241 825 357 909 πήχεσι
380 821 416 906 λ’,
443 823 464 888 δ
483 823 538 889 καί
556 825 770 906 ε’ττιχιονιοθὲν
790 824 911 906 ηδξὴθη
931 820 1041 908 πήχεις
1061 820 1128 889 ἑτέ-

36 952 117 1013 ρους
137 928 174 994 ιε’.
215 923 304 1012 ,κατὰ
333 927 369 989 tt
389 926 472 1006 μῆνα
496 925 718 1006 Φευροοαριον
741 925 787 996 εἰς
816 918 956 1008 διάφορα
976 921 1128 1008 τμήματα

36 1028 203 1109 διαιρεθὲν
223 1027 278 1089 ε’σί
300 1023 357 1107 την
367 1020 459 1090 πόλιν
479 1020 580 1106 αὐτὴν
600 1025 657 1087 καί
674 1025 771 1105 μέχρι
788 1019 992 1106 τηςἎβύδοο
1015 1027 1128 1107 κατῆλ-

36 1134 112 1208 θεν,
135 1124 209 1207 ἕχον
230 1128 264 1189 ἐν
289 1117 393 1210 ἑαυτῷ
421 1125 478 1190 ναί
505 1123 572 1200 ζῶα
598 1117 768 1201 adunatio
789 1123 979 1204 πεπηγμένα.
1020 1114 1128 1185 ‘ritae‘

37 1231 145 1300 θέλων
177 1224 390 1307 πεζοπορῆσαι
420 1218 482 1287 α’σδ
513 1217 711 1305 οἷνροτιόλεοις
742 1222 788 1296 είς
813 1217 1041 1304 Χρυσοδντολιν
1070 1219 1157 1286 oaixc

5 1322 205 1396 σε’νοολδετο.
244 1318 313 1388 τότε
341 1320 397 1386 δτί
425 1318 530 1386 αὐτῶν
559 1317 789 1405 σοντριβόμενα
819 1317 858 1384 τὰ
879 1324 967 1404 τείχη
985 1314 1230 1402 μεγάλαςν.τσσ

37 1422 246 1506 ἐδυνήθησαν.
267 1418 337 1490 τότε
355 1414 394 1502 ιβ
412 1421 590 1500 νομίσματα
607 1414 733 1502 ἐπράθη
750 1416 766 1480 u‘
785 1417 896 1500 μόδιος
910 1418 928 1503 ἡ
940 1417 1046 1502 νριθη.
1059 1416 1130 1484 τότε

37 1527 94 1605 τῆς
118 1520 197 1585 νατοὶ
213 1522 466 1600 Μεσοποταμίαν
483 1523 541 1603 γῆς
560 1518 748 1602 σχισθείοης
764 1515 892 1603 ἡμίονος
912 1515 1050 1603 ἀνεδόθη
1069 1541 1130 1582 ετο-

38 1623 160 1701 muros
179 1617 295 1705 ἔφοδον
316 1620 500 1704 α’νθρεοαίνη
530 1620 622 1703 φωνῇ
650 1622 922 1702 τιροσημαίνονσα.
977 1616 1032 1682 καί
1057 1613 1130 1684 τότε
1172 1664 1176 1672 .

41 1716 184 1803 Νικήσας
207 1742 256 1793 τις
277 1720 438 1800 ου’νοῦχος,
456 1715 495 1783 τὰ
515 1722 624 1801 πρῶτα
645 1720 753 1802 φέρων
771 1715 859 1801 nupti
883 1719 929 1805 τῷ
949 1717 1130 1803 Κοττριοντί-

12 1828 112 1907 ὄμφ,
131 1820 231 1903 μηδὲν
258 1809 337 1883 ἄλλο
367 1815 461 1891 εἰδώς
493 1811 515 1902 ἢ
545 1818 666 1883 ε’σθίειν
692 1814 749 1881 καί
766 1815 884 1897 τείνειν,
904 1826 1132 1900 χειροτονεῖται

40 1917 252 2001 πατριάρχης.
307 1907 401 1991 οὗτός
433 1939 507 1982 ποτε
531 1913 564 1980 τὸ
588 1915 768 1998 eumitren
788 1914 1011 1997 ἀναγινώσκων
1033 1920 1067 1982 ἐν
1085 1920 1131 2004 τῷ

40 2022 153 2107 αελλίιρ
185 2017 299 2099 αὑτοῦ,
330 2014 402 2080 ἀντί
429 2018 487 2081 τοῦ
516 2018 615 2081 εἰπεῖν
634 2016 671 2079 ἐκ
698 2016 757 2079 τοῦ
776 2011 858 2079 κατὰ
880 2019 1053 2082 Matuasco
1072 2021 1130 2099 „e'ss

39 2121 100 2184 sori
119 2113 201 2181 κατὰ
222 2110 420 2182 Ματθαῖοί’
443 2113 652 2200 ἐξεφώνησεν.
694 2113 747 2199 e‘p’
771 2104 797 2200 ᾧ
818 2114 875 2178 καί
889 2139 937 2191 τις
955 2116 1018 2180 τῶν
1035 2140 1130 2199 παρι-

40 2221 205 2298 σταμένων
235 2209 304 2283 εἷσε
337 2212 405 2299 ,μη
439 2216 558 2298 διαίρει
586 2212 645 2305 τήν
677 2237 712 2278 αι
740 2215 945 2298 δίφθογγον.”
991 2211 1070 2300 πρὸς
1092 2214 1161 2285 ivl)

5 2320 161 2391 νείαείνος
181 2313 244 2403 ἔφη
266 2314 346 2398 μετὰ
367 2315 477 2397 θυμοῦ
499 2318 694 2400 ,φλυαροῦν
750 2309 790 2378 εδ
809 2310 871 2398 γὰρ
893 2313 1054 2402 δίφθογγα
1075 2319 1131 2384 ναί

43 2601 159 2675 qnidam
176 2598 265 2653 morbi
292 2616 325 2653 ex
349 2599 389 2652 ira
417 2598 509 2653 divina
527 2600 625 2670 passim
654 2601 766 2668 grassati
789 2608 866 2663 suut,
891 2599 1016 2672 adeoque
1045 2605 1129 2673 pestir
1168 2648 1171 2653 .

42 2674 199 2728 ineffabiles
218 2670 356 2724 bominum
376 2671 467 2740 copias
487 2671 614 2735 sustulit,
633 2686 807 2741 nequaquam
825 2671 874 2722 illa
891 2673 981 2724 minor
998 2690 1066 2742 quae
1083 2677 1130 2726 lu-

42 2744 159 2799 atiniani
176 2741 343 2812 temporibus
361 2742 478 2793 exstitit:
496 2759 558 2794 nam
573 2741 668 2793 domus
686 2743 808 2811 integrae
842 2758 929 2796 rorsus
950 2744 1132 2797 occludeban-

42 2826 98 2871 tur.
116 2822 254 2885 praeterea
271 2829 300 2864 ss
318 2812 538 2865 terriculamenta
557 2812 689 2883 quaedam
706 2759 841 2865 borrsndb
857 2814 1016 2865 mortalibus
1033 2818 1131 2867 olfere-

40 2887 134 2948 bant‚
152 2901 212 2937 cum
228 2884 264 2936 ds
282 2891 418 2953 potestate
437 2883 541 2935 scilicet
561 2883 659 2952 egressi
678 2890 706 2934 et
723 2890 798 2935 extre
816 2900 846 2936 so
867 2885 936 2952 rspti
956 2894 1083 2953 putarent
1101 2887 1131 2939 in

41 2957 170 3017 homiues
196 2970 226 3007 se
243 2954 360 3007 terribili
387 2954 465 3005 vultu
483 2953 618 3022 praeditos
645 2952 777 3005 incidere.
802 2962 869 3006 tunc
892 2962 921 3005 et
944 2955 1038 3024 ingens
1055 2974 1131 3008 acer-

41 3029 165 3096 bumque
182 3025 256 3077 'odeo
282 3024 366 3094 frigus
392 3024 512 3087 exstitit,
538 3033 569 3076 ut
593 3025 711 3095 aponti
737 3032 817 3094 parte
840 3026 1046 3093 septentrionali
1065 3043 1131 3097 prae

41 3101 146 3168 frigore
164 3097 305 3166 glacieque
331 3096 442 3164 pelagus
470 3093 505 3145 ad
523 3103 664 3148 conturna
690 3096 785 3148 littore
802 3096 917 3147 miliaria
935 3096 1132 3166 lapidesceret,

41 3172 123 3227 ouius
140 3168 236 3235 glaciei
253 3167 387 3218 marsities
404 3165 514 3233 triginta
531 3164 635 3218 cubitos
654 3165 796 3236 aequabat.
823 3183 936 3237 cumque
961 3167 1033 3236 lnrga
1053 3169 1132 3221 dein-

41 3256 109 3310 ceps
126 3241 172 3290 uix
189 3255 269 3307 supra
295 3236 407 3305 glaciem
426 3236 496 3288 hane
515 3235 627 3306 delapsa
644 3237 753 3300 suisset,
771 3235 807 3288 nd
825 3238 892 3288 alios
913 3238 1008 3307 viginti
1025 3239 1132 3292 cubitos

43 3329 78 3363 ea
98 3309 233 3362 crassitiee
259 3309 384 3361 excreuit.
410 3305 520 3360 tandem
549 3307 697 3359 Februario
724 3324 816 3360 mense
842 3308 940 3377 glacies
959 3307 1072 3361 'diversa
1102 3312 1132 3362 in

43 3381 180 3450 fragmina
209 3379 314 3431 divulsa
344 3394 431 3448 usque
455 3378 492 3429 ad
509 3377 605 3430 urbem
629 3380 713 3449 ipsam
737 3387 765 3431 et
781 3378 904 3447 Abydum
926 3379 1017 3431 delata
1035 3389 1083 3431 est,
1102 3383 1131 3432 in

42 3454 79 3505 iis
96 3450 271 3519 fragminibus
290 3458 349 3501 erat
364 3449 458 3500 ridere
489 3450 640 3519 complures
658 3450 720 3517 gelu
745 3449 888 3503 contrictos
905 3449 1013 3502 bestias.
1034 3451 1133 3521 quodsi

66 3524 108 3574 uis
126 3522 161 3574 ab
179 3537 240 3573 arce
260 3518 448 3590 Chrysopolim
468 3536 555 3589 usque
572 3519 706 3590 proticisci
723 3521 809 3590 pedes
826 3521 952 3585 volebat,
975 3523 1085 3573 omnino
1104 3521 1133 3574 id

44 3541 136 3646 iuuere
161 3592 238 3645 nulls
268 3591 416 3661 impeditus
442 3608 470 3643 re
496 3599 613 3660 poterat.
639 3598 722 3660 atque
753 3592 822 3645 baso
848 3592 978 3661 fragmine
1002 3593 1031 3644 in
1057 3593 1133 3646 urbis

44 3681 138 3718 muros
150 3663 267 3731 impacta
281 3661 456 3714 vehementer
472 3676 519 3713 eos
537 3671 731 3715 sneeusserunt.
749 3662 845 3715 eodem
857 3662 1027 3731 Copronymo
1046 3662 1134 3734 impe-

45 3743 127 3788 rante
156 3733 262 3785 modius
293 3731 390 3784 hordei
419 3749 450 3783 ra
468 3732 556 3784 aureis
578 3733 688 3786 vaeniit
706 3750 819 3803 cumque
844 3740 915 3785 terra
933 3733 1086 3786 dehisceret
1102 3735 1132 3787 in

43 3807 124 3860 lleso
145 3805 261 3864 olearia,
277 3804 366 3856 mulus
382 3804 459 3865 exiit,
477 3801 649 3873 humanaque
665 3821 732 3856 voco
749 3812 887 3856 secuturos
904 3802 1023 3856 bostium
1040 3806 1133 3856 incur·

44 3895 92 3931 sus
135 3875 295 3928 enuntiarit.
322 3882 389 3927 tune
418 3882 447 3925 et
465 3874 574 3927 urceus
602 3874 713 3944 quidam
738 3873 889 3937 eunuchus,
913 3876 1036 3945 principe
1059 3875 1132 3946 apud

44 3949 248 4016 copronymum
267 3945 344 4008 loco,
363 3945 411 4014 qui
428 3945 498 3996 nibil
518 3944 593 3995 aliud
611 3946 692 3996 sciret
714 3960 794 4013 quam
812 3944 893 3996 edere
911 3954 939 3997 et
956 3947 1064 4007 bibere,
1082 3965 1132 4015 pa-

44 4016 164 4072 triarche
181 4025 285 4069 oreatus
304 4025 354 4068 est„
373 4033 433 4066 cnm
450 4016 598 4085 aliquando
617 4015 785 4082 evangelium
803 4017 832 4066 in
850 4015 949 4068 cellula
967 4035 1015 4067 sus
1034 4018 1132 4068 recita-

43 4099 104 4150 ret,
127 4105 176 4158 pro
189 4105 222 4138 so
240 4086 314 4158 quod
327 4086 470 4138 dicentium
490 4097 548 4139 erat
564 4102 615 4150 „sn
626 4086 768 4154 evangelio
785 4085 931 4137 secundum
950 4087 1131 4138 Matthaeum”

7 4171 12 4182 “
43 4159 237 4233 pronuntiarit
261 4175 314 4223 „ex
338 4158 479 4227 euangelio
503 4156 652 4211 secundum
671 4156 863 4212 Matthaeun.”
890 4154 930 4208 ibi
954 4158 1070 4229 quodam
1097 4176 1129 4210 ex
