2766 4800
183 231 210 293 x
273 213 275 215 '
501 177 643 290 Lasaia
675 228 913 290 raaerauu

180 379 286 440 τέκνου
321 381 377 439 καί
405 377 568 461 ἀγαπητοῦ
588 379 738 441 vocaluda
758 389 878 461 patrem
901 365 1004 462 potiris
1031 402 1127 465 ⁸quam
1157 383 1261 444 senio.
1300 389 1302 394 '

180 500 247 539 rem
265 501 301 540 ac
331 480 528 561 magistrum,
562 478 703 563 discipuli
725 487 778 539 aut
799 480 888 539 amici
918 480 1033 541 iuvenis
1057 481 1156 563 gratia
1185 502 1261 563 opus

179 577 254 638 illnd
273 577 517 651 elucubrantem
540 576 708 660 designaut.
729 587 855 660 praeter
875 577 1002 640 Annales
1022 581 1173 662 scripsisse
1197 580 1261 640 dis.

174 679 353 740 sertationes
385 677 571 760 theologicas
603 700 643 740 cx>
676 679 841 761 specimine
870 678 1002 740 Pontani
1031 680 1129 740 nostri
1164 701 1261 762 opera

176 777 259 839 edito
289 776 397 851 didiei;
425 779 566 860 epistolas
593 799 718 861 quoque
742 778 782 839 V.
803 779 839 838 C.
865 780 928 839 Leo
949 778 1074 839 Allatius
1099 777 1239 861 adiungit
1249 746 1269 855 ,l

177 899 251 960 quas
272 878 411 939 noudum
430 877 503 939 vidi.
528 887 650 939 caetera
671 876 709 938 de
731 898 768 938 co
792 877 867 938 mihi
889 879 993 960 ignota
1013 880 1176 959 profiteor.
1197 878 1258 939 hoc

175 985 260 1040 certe
273 977 493 1067 exploratum,
513 976 619 1040 studiis
644 1001 662 1039 a
682 998 782 1060 puero
807 975 944 1038 ‹leditmn
964 979 1067 1056 fuisse,
1089 973 1256 1062 paldpovor

174 1072 230 1138 καί
263 1080 450 1161 φιλομαθῆ,
476 1078 530 1162 qai
559 1086 609 1139 tot
638 1086 765 1161 tamque
791 1077 893 1138 varios
919 1099 1020 1138 sacros
1049 1079 1255 1162 profanosque

175 1177 343 1260 scriptores
371 1178 544 1265 evolverit,
579 1200 614 1241 ex
643 1199 754 1243 eorum
783 1177 928 1260 operibns
958 1177 1086 1238 illustria
1117 1200 1255 1262 quaeque

173 1277 377 1360 excerpserit,
399 1279 543 1364 miroque
564 1277 697 1340 artificio
718 1278 751 1340 in
774 1278 862 1340 unius
884 1278 1032 1342 orationis
1045 1278 1156 1341 seriem
1174 1298 1251 1341 con-

173 1376 289 1444 tulerit.

253 1476 300 1539 Ad
328 1479 481 1540 Graecum
502 1479 666 1542 Annalium
702 1486 820 1541 textum
841 1475 927 1562 quod
946 1484 1083 1560 spectat,
1116 1476 1201 1538 illurn
1222 1497 1252 1538 es

173 1576 293 1639 duobus
315 1578 548 1641 Clas-omontani
572 1580 671 1641 nostri
692 1576 812 1662 collegii
834 1577 1056 1660 exemplaribus
1080 1575 1251 1639 describen-

173 1676 248 1738 dum
268 1679 394 1757 curavi,
426 1700 599 1764 eorumque
630 1679 750 1740 lacunas
785 1679 985 1740 librariorum
1008 1674 1190 1739 frendeant
1210 1677 1252 1738 ir-

176 1778 264 1839 curia
284 1779 459 1862 frequentes
480 1781 596 1862 partim
618 1776 942 1866 exFontisebraldensi
964 1776 1071 1838 codice
1093 1799 1110 1838 a
1133 1777 1251 1839 celsiss-

171 1901 222 1962 ma
230 1878 376 1961 Principe
396 1880 475 1941 sacri
499 1879 577 1940 illius
587 1878 790 1951 Parthenonis
812 1879 946 1940 antistita
959 1877 1102 1961 generali,
1124 1876 1251 1938 lohanra

171 1978 341 2063 Baptistide
361 1979 530 2059 Borbonia,
550 1979 628 2041 mihi
640 1979 855 2042 humanissime
878 1977 1125 2057 communicato,
1144 1979 1252 2060 partin

172 2102 207 2143 ex
236 2080 387 2143 submissis
418 2081 519 2143 Roma
554 2081 744 2144 Vallieellaui
779 2103 815 2142 ac
844 2077 1009 2141 blonachio
1036 2079 1251 2140 Bavaricorun

157 2163 316 2243 'codicum
336 2180 474 2242 subsidiis
497 2182 598 2244 avv.
618 2182 679 2243 CC.
692 2183 776 2243 Luea
798 2179 956 2242 Holstcnio
978 2185 1010 2238 et
1031 2177 1156 2239 Simone
1178 2177 1250 2238 Wa-

135 2274 137 2277 ’
171 2279 338 2363 gaerechio
360 2279 393 2341 S.
426 2282 451 2341 1.
480 2280 517 2341 P.
537 2276 704 2362 supplevi,
732 2279 884 2341 variantes
921 2276 1067 2337 lectiones
1093 2276 1251 2359 adscripsi,

171 2379 348 2442 Leunelavii
377 2380 669 2462 interpretationem
702 2379 734 2440 in
755 2378 911 2463 plerisque
939 2374 1114 2453 emendavi,
1137 2376 1247 2460 aliaqau

172 2479 300 2563 insuper
332 2477 451 2559 adieci,
476 2499 555 2562 quae
582 2500 618 2542 ex
646 2478 905 2542 Annotationibus
937 2475 1129 2538 commodius
1162 2499 1246 2560 reps-

173 2587 290 2643 tentur.
1191 2653 1193 2657 A

255 2679 362 2741 Unum
385 2689 487 2742 tamen
509 2679 561 2741 hie
583 2680 728 2742 omittere
750 2699 881 2764 nequeo,
907 2676 1074 2740 Iohannem
1089 2677 1245 2740 Meursiim

170 2764 339 2843 delibatum
367 2790 514 2863 exparte
542 2783 579 2841 lll
602 2781 757 2842 annalium
776 2781 875 2840 nostri
898 2778 1012 2863 Glycae
1032 2766 1243 2857 stauilitum

169 2880 247 2943 lulio
271 2880 399 2942 Caesare
428 2879 467 2941 ad
488 2881 722 2942 Constantinum
754 2883 919 2964 Magnum,
946 2881 1065 2939 Graece
1094 2899 1130 2938 ac
1149 2879 1245 2940 Latiis

168 2979 311 3063 Lugduni
330 2983 521 3042 Batavorum
554 2980 681 3043 edidisse
716 2989 747 3042 ct
767 2979 936 3042 Theodoro
967 2975 1154 3039 Metoehitae
1180 2977 1243 3038 salo

169 3081 327 3158 tribuisse,
345 3079 454 3141 additis
478 3081 623 3142 brevibus
644 3082 725 3144 notis
748 3090 780 3143 et
800 3078 967 3162 Nicephori
1000 3079 1159 3159 Gregorae
1182 3101 1242 3137 na.

169 3181 234 3253 nia;
256 3202 335 3264 quae
355 3181 416 3242 suis
447 3179 522 3243 loeis
542 3181 678 3244 inserere
712 3203 775 3242 non
796 3179 951 3256 dubitavi,
985 3185 1020 3239 ut
1042 3176 1119 3236 nihil
1137 3198 1244 3239 necese

168 3280 207 3343 sit
227 3279 341 3343 iterum
363 3279 472 3363 praelo
495 3281 825 3343 subiicereRomauam
854 3280 948 3368 illam,
969 3286 1005 3337 at
1027 3276 1175 3359 appellat,
1198 3277 1240 3336 ll-

167 3380 306 3443 storiam.
347 3389 467 3442 tantum
487 3390 518 3444 te
539 3382 709 3461 morabor,
737 3381 858 3445 erudite
879 3381 989 3444 lector.
1014 3376 1096 3456 vale,
1119 3385 1151 3439 et
1170 3371 1242 3461 qud

168 3481 255 3562 lacis,
278 3481 383 3545 studiis
404 3482 516 3544 nostris
537 3484 643 3548 favere
661 3505 766 3566 perge.

561 3786 837 3802 ψ
