2766 4800
209 229 267 332 to
420 266 427 287 .
544 242 764 311 utentium
795 237 961 306 otreio

295 404 367 468 Καί
385 403 506 483 κυρίως
522 391 663 474 ἔκλειψις
682 394 728 457 ἐντ’
756 392 852 476 aderit
871 385 911 455 άν
930 393 1048 471 λέγοιτο
1071 392 1126 474 τῆς
1138 390 1299 475 σελήνης·

214 496 262 566 δτι
281 501 342 583 γάρ
361 502 430 584 φάς
452 492 583 577 ἡλιακὸν
607 492 837 577 ἀμφιέννυται,
866 493 958 554 τοῦτο
979 487 1074 553 πάλιν
1095 491 1136 552 δι’
1159 488 1198 573 ἢν
1221 493 1304 554 uirt-

215 625 254 664 αν
276 598 422 679 εἴπομεν,
445 590 645 660 α’νιεκδίεται.
667 593 722 655 εἰιί
741 593 777 654 δὲ
800 592 857 654 τὀὕ
878 589 968 674 ἡλίου
991 588 1049 652 οὐκ
1069 585 1213 670 ἔκλειψιν
1237 591 1305 653 α’λλ·

215 699 423 765 εἰιισκότωσιν
442 696 542 776 λέγειν
563 690 737 770 ἐμάθομεν.
781 687 934 771 οὐδὲγάρ
954 684 989 752 τά
1012 686 1143 771 ἡλιακὸν
1167 688 1308 768 ἐκλείψει

214 802 290 863 ποτὲ
311 797 401 882 φάς·
445 794 515 858 ἀλλ’
533 791 758 872 ὑποτρέχοντος
778 790 811 852 ἐν
831 789 875 875 τῷ
896 791 950 870 τῆς
970 786 1105 853 συνόδου
1127 791 1229 874 καιρῷ
1251 774 1309 850 sori
1316 795 1333 858 5

215 896 360 978 σώματος
393 897 451 958 τοῦ
484 894 649 975 σεληναίου
682 882 734 954 οἶα
755 889 988 971 ιτεριγειοτὲρου
1009 884 1236 969 τυγχάνοντος,
1257 890 1311 950 καί

217 994 299 1061 οὕτω
319 993 552 1072 ταῖςῆλιακαῖς
579 984 701 1053 άκτίσιν
719 988 1001 1071 ε’νιιιιροσθοδντος,
1025 984 1041 1048 ὃ
1065 985 1146 1068 ὑπὲρ
1169 990 1311 1071 κεφαλῆς

217 1091 308 1183 ἡμῶν
328 1093 390 1179 αἠρ
415 1091 501 1178 ζόφῳ
524 1092 694 1174 τηνικαῦτα
716 1083 1009 1168 καθυιιοβάλλετοιι,
1031 1080 1086 1150 dtr
1110 1086 1149 1168 δη
1171 1084 1217 1168 μη
1232 1091 1312 1167 βαλ-

191 1199 361 1275 Βλομένοιν
381 1192 489 1255 αὐτῶν
503 1186 648 1253 κάτωθεν
669 1187 723 1252 καί
743 1187 951 1272 φωτιζουσῶν
974 1182 1010 1248 τὰ
1033 1186 1201 1267 τιερίγειον.

141 1307 171 1360 v.
185 1322 215 1373 ¹9
305 1295 347 1356 Εἰ
364 1292 399 1355 δὲ
422 1289 478 1354 καί
496 1291 591 1352 τοῦτο
613 1290 715 1371 ζητεῖς
733 1283 814 1367 μετά
835 1288 898 1351 τῶν
921 1277 1026 1349 ἄλλων
1046 1287 1180 1365 μαθεῖν,
1202 1284 1271 1357 παῖς
1291 1279 1368 1367 ἤια

222 1386 338 1474 σελήνη
373 1387 455 1470 μάνη
479 1384 532 1451 καί
563 1389 624 1451 τίνι
642 1381 747 1474 τρόπρι
767 1382 812 1467 μὴ
833 1387 958 1466 σχοῦσα
978 1386 1047 1469 φῶς
1069 1381 1210 1466 α’ρχῆθευ
1231 1377 1315 1444 ἴδιον

222 1494 257 1569 ἐξ
295 1486 386 1572 ἡλίου
405 1492 496 1552 τοῦτο
518 1486 712 1567 δανείζεται,
739 1486 858 1549 εἰδέναι
878 1482 1018 1568 ὅφειλεις
1039 1481 1083 1557 ὥς
1106 1483 1164 1544 ου’νι
1184 1480 1315 1564 άιιοριόν

223 1585 334 1674 ἑτέρου
370 1584 477 1673 φωτὸς
507 1585 524 1648 ὃ
560 1581 753 1670 δημιουργὸς
780 1586 835 1648 καί
853 1586 978 1665 κτίστης
1008 1581 1132 1646 πάντων
1158 1577 1236 1656 θεὸς
1258 1578 1315 1664 τὴν

224 1687 430 1766 καινοτομίαν
463 1682 580 1768 ταύτην
615 1681 810 1767 εἰσήνεγκεν,
846 1684 915 1747 ἀλλ’
935 1683 987 1747 i'v‘u
1010 1678 1134 1765 ῥυθμὸς
1154 1678 1209 1742 καί
1228 1679 1316 1756 τάξις

225 1789 341 1872 ἐκτεθῇ
363 1787 403 1871 τῇ
426 1785 537 1865 κτίσει,
556 1783 634 1846 κατά
656 1805 691 1866 γε
714 1783 768 1847 τὸν
787 1780 999 1865 Δαμασκηνὸν
1012 1780 1173 1863 Ἰωάννην,
1195 1771 1314 1862 άρχον-
1328 1781 1369 1846 ιΕ

225 1908 277 1961 τος
296 1883 351 1948 καί
365 1884 561 1968 ἀρχομένου,
582 1883 637 1946 καί
657 1881 711 1947 ἵνα
723 1883 948 1962 σαιδευθῶμεν
968 1883 1003 1946 ἑκ
1021 1878 1132 1944 τούτου
1152 1881 1208 1941 καί
1227 1876 1318 1962 ἡμεῖς

224 1992 384 2048 κοινωνεῖν
405 1980 552 2065 ἀλληλοις
570 1984 626 2045 καί
645 1976 872 2063 μεταδιδόναι,
893 1979 1072 2064 ἀνακρίνειν
1092 1981 1211 2042 τετῶν
1232 2000 1318 2061 γινο-

227 2083 330 2165 μένων
351 2083 466 2165 μηδέν,
487 2081 558 2145 ἀλλ’
577 2084 631 2146 ε’τιί
649 2085 729 2146 noim
751 2084 853 2156 καλῶς
873 2079 1119 2144 ὑποτάσσεσθαι.
1194 2116 1200 2136 .

200 2205 222 2258 c
312 2179 406 2265 Πρός
425 2177 549 2256 τούτοις
570 2182 605 2245 δὲ
626 2180 681 2244 καί
707 2179 811 2263 ἕτερον
831 2179 907 2262 ἡμῖν
925 2177 1118 2264 άιιεμφαίνει
1139 2174 1319 2264 παράδοξον

229 2278 384 2368 ἧσεληνη
419 2282 629 2360 interituros,
659 2279 703 2355 οἷς
732 2277 748 2345 ὅ
776 2275 939 2354 θειότατός
969 2301 1066 2366 φησιν
1087 2272 1369 2353 Ἆναστάσιος·τσ

229 2378 375 2463 καθάπερ
398 2376 459 2464 γάρ
480 2373 561 2462 αὕτη
585 2374 670 2469 ζόφιρ
690 2378 923 2444 καθντιοττίιιτει
936 2373 1176 2461 μεσολαβοάσης
1188 2379 1245 2461 τῆς
1264 2378 1321 2462 γῆς

304 2651 338 2703 Et
364 2650 473 2721 proprie
501 2652 566 2703 iuna
591 2649 707 2704 deiicere
738 2651 852 2704 dicitur:
880 2666 933 2721 qus
954 2651 1025 2703 enim
1042 2649 1104 2701 luce
1123 2646 1204 2701 solari
1223 2648 1322 2700 vestita

234 2729 295 2787 est,
314 2739 344 2773 eo
364 2722 397 2774 de
417 2740 496 2774 causa
515 2732 718 2774 commemorato
734 2741 823 2774 rursus
843 2724 950 2775 exuitur
968 2732 1049 2791 atque
1067 2720 1206 2790 spoliatur.
1230 2720 1259 2771 in
1278 2736 1323 2770 so-

235 2794 263 2845 le
289 2794 512 2856 madefactum,
539 2793 588 2844 scd
614 2794 831 2845 obscurationem
849 2792 986 2863 appellare
1008 2791 1157 2844 didicimus.
1177 2806 1229 2842 nec
1251 2790 1324 2842 enim

235 2863 283 2917 lux
305 2865 399 2916 solaris
429 2881 547 2935 unquam
578 2863 683 2916 deficit:
702 2863 750 2916 sed
775 2865 839 2933 quia
856 2866 941 2917 coitus
958 2862 1052 2917 horum
1066 2863 1183 2915 siderum
1202 2870 1324 2930 tempore

236 2935 330 2987 lunare
350 2951 395 2987 cor
415 2953 463 2998 us,
482 2933 555 3005 quod
575 2943 662 2985 terrae
683 2935 797 2986 vicinius
823 2945 877 2998 est,
897 2934 988 2986 medio
1007 2951 1035 2985 se
1055 2933 1184 2985 interiicit
1201 2932 1264 2983 loco
1282 2948 1325 2983 ra-

238 3005 345 3075 diisque
363 2952 496 3057 soiirribus
514 3004 616 3068 officit,
635 3012 682 3058 aur
700 3007 747 3057 iile
765 3022 844 3073 supra
866 3022 915 3058 uos
936 3006 1052 3073 caligine
1071 3003 1187 3074 quadum
1206 3002 1326 3055 involvi-

227 3083 296 3137 tur,
321 3091 376 3126 non
406 3075 526 3128 demissis
551 3075 585 3127 nd
601 3093 651 3128 nos
669 3077 732 3128 uilis
750 3076 850 3141 radiis,
879 3077 928 3147 qui
946 3084 1033 3129 terrae
1055 3075 1177 3146 proxima
1193 3073 1257 3125 luce
1278 3090 1327 3126 sue

237 3145 432 3198 collustrarsnt
1085 3199 1087 3203 Α

308 3215 412 3285 Quodsi
436 3216 516 3267 etiam
543 3232 703 3284 cognoscere
730 3217 806 3287 cupis
823 3218 978 3282 interulis,
1003 3215 1050 3288 qui
1069 3216 1115 3269 fiat
1134 3223 1165 3268 ut
1182 3214 1248 3267 luna
1267 3215 1328 3266 sola

238 3285 324 3356 primo
343 3287 373 3337 in
403 3303 490 3338 rerum
516 3287 627 3338 exordio
645 3289 732 3340 iucem
751 3289 854 3341 nulium
870 3291 1004 3359 propriam
1033 3295 1176 3339 consecuto
1205 3303 1328 3337 commo-

239 3356 305 3407 dato
335 3373 394 3410 eum
417 3357 508 3408 nsoie
527 3358 631 3426 cupiat,
654 3360 721 3410 scire
740 3358 824 3411 debes
851 3376 907 3412 non
928 3359 980 3412 hoe
998 3368 1140 3429 propterea
1155 3373 1226 3409 noro
1247 3357 1328 3427 quasi

239 3426 357 3511 quodum
375 3444 449 3479 more
472 3428 571 3479 suctum
589 3428 737 3493 divinitus,
762 3430 837 3500 quod
868 3431 961 3501 opifex
982 3440 1011 3482 ct
1028 3438 1134 3482 creator
1154 3428 1202 3478 ilie
1218 3429 1327 3479 univer-

239 3499 328 3550 sitatis
347 3497 425 3550 huius
440 3497 520 3549 aliam
538 3499 625 3550 iucem
643 3501 746 3551 nullum
764 3500 890 3584 hsqeret,
909 3501 958 3552 red
976 3508 1032 3553 tum
1050 3500 1091 3552 uti
1110 3499 1282 3550 concinnitas
1300 3506 1329 3550 et

240 3568 307 3621 ordo
322 3569 432 3640 quidam
462 3570 556 3620 creatis
586 3569 741 3635 inderetur,
767 3571 991 3642 quemadmodum
1007 3573 1187 3624 Damascenus
1214 3570 1265 3621 iile
1283 3571 1330 3620 Io-

240 3638 344 3697 hannes
359 3641 414 3704 sit,
431 3641 479 3710 qui
495 3639 561 3692 ordo
579 3641 651 3698 iuter
666 3643 831 3711 superiorem
859 3653 886 3696 et
903 3643 1058 3695 inferiorem
1075 3642 1250 3703 consisteret,
1269 3648 1328 3692 tum

241 3711 282 3761 uti
301 3728 349 3762 nos
376 3713 459 3765 etium
480 3709 646 3763 erudiremur
673 3712 773 3765 debere
789 3731 839 3766 nos
857 3714 973 3766 invicem
990 3714 1058 3766 elios
1079 3730 1138 3764 cum
1157 3711 1218 3762 aliis
1236 3720 1330 3763 nostru

241 3783 451 3847 communicare,
469 3784 682 3853 necquicquam
701 3800 875 3855 eorumquae
893 3786 962 3838 fiunt
984 3784 1139 3855 scrupulose
1157 3783 1329 3852 perquirere,

242 3850 337 3903 sedin
356 3855 479 3906 omnibus
499 3855 636 3923 praeclare
653 3865 758 3908 nosmet
777 3857 949 3908 summittere.

313 3922 453 3975 Praetereo
471 3924 600 3994 quiddam
621 3924 696 3978 aliud
716 3921 825 3998 quoque
839 3943 938 3980 novum
956 3925 1036 3979 nobis
1055 3927 1119 3977 iuna
1139 3923 1270 3975 deficiens
1288 3923 1332 3974 in·

243 3989 333 4053 dicut,
361 3992 586 4063 quemadmodum
615 3998 656 4048 vir
682 3996 790 4049 divinus
807 3999 961 4051 Anastasius
984 3995 1076 4051 trudit.
1100 3993 1332 4066 quemadmodum

245 4063 316 4113 enim
338 4064 483 4116 atenebris
501 4066 549 4117 iiia
569 4077 713 4136 occupatur
729 4068 766 4119 ob
783 4070 951 4122 interiectum
969 4076 1079 4131 terram,
1095 4082 1165 4137 quse
1181 4065 1217 4116 eb
1236 4081 1269 4117 ea
1290 4083 1333 4116 ra-

245 4131 305 4185 dios
324 4135 424 4186 solares
441 4137 553 4201 avertit,
573 4139 610 4191 sic
631 4141 713 4192 etism
730 4139 845 4192 ecclesis
860 4148 976 4211 peccato
992 4139 1191 4195 interveniente
1210 4136 1334 4192 tenebris
