2766 4800
215 198 299 300 4²·
547 219 764 288 nicolinus
791 215 955 293 euroin

215 382 281 444 τῶν
300 378 452 461 χεομὲνην
472 366 573 460 αιἰγην
595 379 649 440 καί
670 371 806 459 οάρανὸν
827 371 1035 455 περιλάμπειν
1063 369 1120 435 καί
1134 366 1192 435 τάν
1211 366 1305 452 dion,

217 475 273 542 καί
292 475 375 557 6μοῦ
391 498 425 542 τε
445 478 484 561 τῇ
503 478 544 564 γῇ
564 473 648 562 πάσῃ
670 475 725 539 καί
743 477 779 559 τῇ
800 469 947 558 θαλάσσῃ
967 471 1307 553 συμπαρεκτεινεσθαι.

217 572 263 660 μὴ
281 567 338 641 οὖν
358 566 565 639 άπατάτωσε
586 569 679 637 τουτί
698 567 908 656 φαινόμενον,
929 570 1012 653 μηδὲ
1029 577 1186 652 πηχυαῖον
1207 567 1307 632 udaie

219 668 302 738 εἶναι
332 669 426 755 νόμιζ
452 700 461 716 ·
516 672 537 759 ἦ
564 669 626 756 γάρ
658 663 734 751 ὄψις
764 667 854 752 ἡμῶν
885 662 1139 751 ἑνδαπανηθεῖσα
1168 671 1213 754 rigi
1234 669 1307 750 α’ἑρι

140 772 393 837 unammiter
411 773 549 856 ἐξίτηλος
568 779 714 855 γεγονυῖα
731 767 813 852 πρὸς
833 767 889 851 την
911 768 1026 852 α’κριβη
1046 766 1226 850 κατάληψιν
1246 764 1334 829 toiri

167 894 169 897 ’
221 868 390 956 ὁρωμένων
413 871 472 935 cdx
493 873 626 954 ἐξαρκεῖ.
668 871 733 933 κατ’
757 864 901 950 ἔκπληξιν
923 863 1030 930 λοιπόν
1052 866 1106 928 καί
1128 863 1207 929 κατά
1231 864 1309 946 σάγ-

220 995 325 1054 κρισιν
336 972 436 1054 μέγαν
456 970 583 1035 ἐκάλεσε
599 968 655 1033 τὸν
676 962 766 1052 ἥλιον
787 965 943 1052 ἧγραφη.
968 960 1026 1048 ὅρα
1047 963 1108 1046 γάρ
1130 955 1179 1028 ὅτι
1199 965 1256 1027 καί
1268 962 1306 1028 τά

221 1066 298 1153 κηεη
313 1070 354 1133 τά
372 1063 495 1150 μεγάλα
521 1066 644 1150 μεγάλα
665 1059 790 1149 είπενῆ
818 1067 924 1150 γραφη
949 1063 1009 1145 οὐχ
1034 1059 1082 1126 ὅτι
1102 1063 1231 1144 καρίδος
1254 1064 1309 1126 καί

219 1168 366 1248 μαινίδος
386 1161 518 1249 μείζονά
537 1168 628 1246 εἰσιν,
640 1166 714 1230 ἀλλ’
734 1159 782 1229 ὅτι
797 1163 959 1248 μεγίστοις
979 1166 1121 1228 ἐοίκασιν
1142 1154 1230 1245 ὄρεσι
1252 1163 1310 1244 τῆς

220 1265 379 1348 θαλάττης
399 1260 548 1340 πολλάκις
572 1261 825 1351 άπερνηχόμενα.
867 1267 922 1328 καί
935 1265 1079 1348 ἐποίησεν
1101 1259 1118 1326 e‘
1140 1259 1214 1336 θεὸς
1235 1260 1364 1337 rodere*

222 1359 395 1453 φωστῆρας
416 1361 492 1439 τούς
517 1364 684 1447 μεγάλους.
740 1362 796 1429 καί
822 1365 889 1438 παῖς
908 1363 967 1447 γάρ
992 1363 1033 1424 ori
1049 1363 1147 1443 μέγας
1166 1358 1182 1422 ὁ
1203 1357 1311 1443 ἥλιος,

222 1463 288 1547 εἴγε
309 1462 364 1529 καί
392 1466 447 1548 τῆς
473 1465 531 1548 γῆς
560 1463 660 1549 aderio
691 1466 934 1529 πολλαπλασίων
955 1462 1044 1540 ε’στίς
1062 1461 1118 1524 καί
1135 1457 1197 1543 γάρ
1218 1462 1249 1524 εί
1268 1456 1312 1544 μίγ

222 1565 312 1629 τοῦτο
332 1561 511 1647 ἐτύγχανεν,
533 1564 591 1627 oriz
612 1559 651 1629 άν
672 1562 868 1648 ὑπερφανεὶς
890 1564 949 1625 τοῦ
972 1558 1131 1645 ὁρίζοντος
1153 1562 1193 1646 τῇ
1213 1561 1314 1646 οἰκείρ

223 1665 394 1747 τηνικαῦτα
417 1659 551 1743 ιλυνάμει
574 1664 823 1748 σομπεριείληφε
845 1659 1019 1741 ξύμπαντα.

195 1771 216 1824 lt
308 1761 407 1843 Μέγα
439 1764 534 1843 με’ν,1
550 1757 823 1848 άςιπροείρηται,
844 1762 900 1824 καί
916 1756 950 1823 τά
972 1761 1029 1843 τῆς
1050 1756 1179 1842 σελήνης
1200 1759 1313 1839 σῶμα,
1326 1759 1358 1823 ι5

225 1862 281 1925 καί
303 1856 481 1945 φανότατὸν
500 1883 536 1944 γε
555 1857 637 1943 μετά
658 1859 714 1927 τὸν
735 1856 832 1945 ἥλιον.
875 1859 905 1923 εἰ
925 1857 985 1943 γάρ
1007 1856 1063 1922 καί
1080 1856 1124 1942 μη
1146 1858 1256 1922 διόλου
1276 1854 1313 1921 τά

225 1962 295 2046 φῶς
316 1958 415 2043 αὐτῆς
435 1959 664 2045 ἀμετακίνητον
681 1961 787 2042 μένει,
813 1955 893 2024 cilici
914 1960 971 2023 καί
984 1959 1077 2023 τοῦτο
1099 1955 1238 2041 α’ρρητου
1261 1979 1317 2024 σο-

226 2063 304 2144 φίας
327 2060 385 2123 τοῦ
420 2059 616 2143 δημιουργοῦ
643 2056 786 2140 πάντων,
805 2054 900 2124 ἰάστε
928 2062 970 2145 τῷ
993 2054 1071 2124 κατά
1104 2055 1162 2140 την
1182 2055 1317 2142 σελήνην

225 2156 366 2239 θεάματι
398 2153 610 2225 παιδεύεσθαι
638 2159 724 2243 ἡμεῖς
743 2155 784 2223 τά
817 2156 954 2242 ἡμέτερα
976 2159 1011 2222 δὲ
1034 2158 1090 2221 καί
1107 2159 1161 2240 τῆς
1184 2160 1317 2238 ταχείας

224 2261 288 2322 τῶν
309 2255 521 2341 ἀνθρωπίνων
554 2260 744 2341 περιτροπῆς
776 2244 920 2322 ἐντεῦθεν
939 2258 984 2332 εἰς
1003 2253 1126 2322 ἔννοιαν
1145 2253 1363 2341 &ligecurtem

228 2346 316 2436 οἶμαι
342 2357 377 2420 δὲ
411 2353 466 2420 καί
496 2356 535 2442 τῇ
556 2359 620 2422 ταῖν
639 2356 728 2436 ζάων
747 2357 925 2442 κατασκευῇ
954 2355 1091 2432 καὶτοῖς
1112 2363 1231 2431 λοιποῖς
1253 2365 1317 2431 τοῖς

228 2453 290 2519 αἰιά
326 2446 385 2540 γῆς
411 2456 583 2542 φυομένοις
601 2452 646 2542 μη
677 2451 796 2543 μικράν
823 2453 980 2541 ὑπάρχειν
1007 2457 1042 2521 ἐκ
1072 2459 1128 2541 τῆς
1156 2452 1236 2519 ’κατά
1258 2454 1318 2540 την

307 2659 319 2681 .
1215 2664 1221 2674 ,

228 2692 367 2764 proiectus
386 2692 420 2746 ab
440 2695 475 2748 iir
491 2694 621 2766 splendor
634 2695 739 2748 coelum
752 2694 839 2764 ipsum
854 2694 1012 2747 collustrare
1030 2695 1117 2762 poerit
1134 2700 1162 2745 et
1179 2699 1259 2756 aera,
1281 2696 1318 2746 ei-

228 2766 341 2836 mulque
366 2774 453 2819 reniet
472 2766 507 2818 ad
524 2775 623 2819 terram
655 2782 686 2818 ec
704 2783 777 2818 mure
796 2773 882 2816 toturn
903 2767 1047 2834 porrigere.
1067 2773 1235 2834 quopropter
1253 2781 1319 2816 cave

228 2853 264 2888 ne
281 2838 484 2906 persuasionem
511 2837 546 2890 de
566 2837 618 2895 hoe
635 2837 724 2889 ridere
756 2836 848 2887 laleum
866 2836 1004 2904 sequarir,
1034 2853 1085 2887 nec
1102 2835 1320 2903 magnitudinem

230 2908 288 2959 eiua
308 2924 367 2960 eece
384 2908 531 2961 cubitalem
552 2909 698 2960 existimer.
718 2907 819 2958 etenim
839 2906 981 2975 adspectui
1000 2915 1093 2958 noster
1109 2908 1138 2959 in
1159 2911 1223 2958 a'dre
1242 2907 1323 2970 velut

230 2976 387 3046 absumptus
405 2996 436 3030 nc
462 2979 617 3031 deminutue
645 2978 680 3030 ad
706 2976 976 3047 comprehensionem
994 2978 1119 3041 illorum,
1148 2993 1219 3045 qnae
1238 2994 1322 3046 cupra

229 3064 280 3101 nor
299 3049 495 3118 conspicimur,
513 3048 723 3120 haudquaquam
747 3049 856 3100 iusticie.
885 3049 979 3119 itaque
996 3049 1104 3101 litterae
1125 3064 1216 3099 sacrae
1234 3049 1323 3099 solem

230 3134 357 3185 magnum
374 3120 515 3188 appellant
532 3136 565 3171 ex
579 3120 761 3172 admiratione
780 3119 898 3188 quadam
912 3137 944 3170 ac
960 3127 1089 3189 stupore,
1108 3136 1163 3171 non
1182 3135 1324 3187 compara-

232 3189 317 3241 tionis
343 3190 460 3242 alicuine
482 3190 595 3243 ratione.
615 3207 678 3244 num
699 3200 727 3243 et
755 3199 830 3242 cetoe
847 3191 905 3243 rive
933 3188 1062 3242 balaenae
1079 3188 1191 3241 eaedem
1211 3206 1325 3258 magnac

233 3266 345 3322 vocant,
374 3276 429 3312 non
457 3259 533 3330 quod
556 3263 601 3314 vel
627 3262 728 3332 squilla
741 3262 791 3312 ‘vel
820 3260 914 3313 halece
939 3262 1055 3313 maiorer
1074 3261 1147 3323 rint,
1179 3258 1229 3311 ced
1247 3259 1325 3329 quod

233 3329 372 3382 montibus
390 3332 473 3383 etiam
490 3333 613 3384 maximia
631 3333 687 3384 eint
704 3333 867 3396 consimiles,
884 3349 944 3383 cum
958 3333 988 3385 in
1008 3332 1151 3401 superficie
1170 3332 1253 3383 maris
1274 3348 1325 3382 na-

234 3408 303 3454 tent.
322 3403 423 3454 creavit
440 3419 503 3471 ergo
528 3402 594 3455 deur
612 3403 755 3455 luminaria
778 3420 881 3472 magna.
909 3411 1009 3473 etque
1034 3412 1114 3473 pacto
1132 3402 1173 3453 rol
1191 3419 1249 3454 non
1266 3420 1327 3453 me-

236 3489 303 3542 gnur
319 3473 363 3535 rit,
379 3473 403 3524 ei
424 3473 536 3543 quidem
554 3490 616 3526 euru
632 3474 725 3527 multis
743 3483 814 3526 terra
831 3473 954 3558 pertibus
973 3491 1031 3526 eree
1049 3475 1178 3525 maiorem
1197 3472 1328 3525 constat?

235 3561 299 3596 nam
317 3543 422 3614 abique
451 3545 501 3596 illo
522 3545 607 3608 toret,
635 3563 691 3598 non
709 3563 789 3616 eupra
815 3545 946 3597 circulum
964 3545 1100 3598 finitorem
1120 3553 1284 3613 conspectus
1301 3544 1328 3596 vi

239 3632 288 3668 rua
306 3623 404 3668 cuncta
422 3616 656 3686 complecteretur.

307 3685 405 3739 Itidem
434 3693 466 3738 ut
496 3686 579 3739 modo
595 3687 798 3753 iudicabamus,
818 3688 898 3740 lunae
926 3701 1035 3756 quoque
1052 3701 1150 3753 corpus
1166 3685 1263 3753 ingens
1286 3694 1329 3740 eet

237 3769 270 3806 ae
283 3757 432 3810 secundum
449 3756 535 3810 colem
546 3758 747 3811 lucidissimum.
766 3776 829 3810 narn
847 3759 922 3829 quod
940 3758 988 3809 lux
1006 3757 1065 3806 eius
1082 3772 1137 3807 non
1148 3774 1258 3825 prorsus
1277 3757 1329 3808 im·

237 3825 348 3878 mobilis
374 3837 432 3891 eat,
449 3828 478 3880 id
505 3846 568 3882 vcro
594 3828 629 3881 ad
649 3830 809 3899 rapientium
835 3831 909 3881 illuni
930 3844 1018 3879 rerum
1037 3826 1142 3894 opificis
1159 3828 1329 3880 ineffabilem

237 3896 333 3948 referri
350 3897 442 3950 debet.
459 3900 583 3971 udeoque
603 3903 696 3953 lunam
718 3902 901 3972 inspectantes
921 3899 955 3950 de
976 3914 1063 3949 rerum
1082 3906 1235 3949 nostrarum
1253 3908 1328 3951 statu

240 3973 269 4018 et
288 3967 446 4020 conditione
470 3988 520 4023 noc
544 3972 647 4024 erudiri
672 3975 804 4036 sciamus,
837 3980 866 4022 ut
887 3970 950 4021 hine
966 3969 1062 4019 moniti
1083 3967 1117 4020 de
1135 3970 1217 4020 celeri
1237 3987 1329 4022 rerum

240 4034 419 4090 humanarum
446 4043 585 4095 eversione
611 4046 767 4111 cogitemus.
795 4057 950 4121 quenquam
987 4047 1126 4108 praeterea
1152 4056 1207 4090 non
1232 4057 1330 4108 parurn

239 4107 369 4180 prodeere
388 4112 567 4166 mutationem
586 4113 662 4169 illam
678 4115 760 4168 lunee
779 4121 834 4167 tam
854 4112 920 4183 lpeic
941 4109 1125 4165 animantibus
1138 4127 1220 4183 quani
1238 4120 1331 4165 caete-
