2722 4800
265 236 344 337 sis
436 297 439 301 ,
593 252 812 319 moninus
842 251 1008 318 circis

174 414 251 493 ll.,5'8
346 409 411 479 Διά
432 411 516 475 τίδὲ
534 404 677 473 πλάττων
698 405 716 472 δ
738 404 814 481 θεὰς
834 405 891 471 seir
905 400 1079 492 ἄνθρωπον
1100 399 1160 470 οῦκ
1181 402 1314 492 ἓλαβεβ

259 522 333 594 λον,
356 507 439 576 άλλά
466 511 547 591 χοῦν
575 506 611 572 τὸ
639 503 845 586 λεπτότατον,
868 502 950 587 ὁμοῦ
976 507 1036 588 μὲν
1056 508 1092 571 ἐκ
1111 503 1227 572 τοῦτου
1247 511 1300 572 κατ’

263 612 400 702 φῦσημα
419 612 638 676 καταστέλλων
658 605 760 690 ἡμῶν,
779 601 864 688 ’ὁμοῦ
882 608 919 671 δὲ
939 609 994 670 καί
1008 603 1117 683 διδοῦς
1135 609 1314 673 ῦντεῦθενὲ,

262 717 342 778 σι’δα
371 713 426 795 τῆς
452 705 669 783 ἀναστάσεως.
721 705 829 791 ἐπειδὴ
849 707 984 794 προῄδει
1009 700 1060 783 ὅτι
1077 709 1189 789 μέλλει
1209 713 1314 773 relever

229 811 299 880 1)τό
321 816 399 892 ζῶον
419 808 475 874 καὶ
494 811 540 884 εἰς
561 810 642 889 χοῦν
661 807 836 887 καταντᾶν,
866 804 1035 891 προλαβών
1056 808 1090 890 ἐν
1111 810 1151 893 τῇ
1173 808 1314 892 δημιοορχ

261 910 318 998 τὴν
339 911 453 975 ἐλπίδα
477 909 533 992 τῆς
556 892 759 981 α’ναστάσεως
780 907 906 972 δίδωσι.
948 904 1103 989 λαμβάνει
1120 910 1203 989 χοῦν
1222 907 1281 971 cirri
1296 931 1314 971 n

261 1014 336 1098 γῆς,
356 1010 397 1075 ἵν’
418 1002 492 1072 ὅταν
511 1005 582 1094 ἴδῃς
604 1007 639 1070 ἐν
655 1004 748 1093 τάφῳ
771 1007 871 1088 χοῦν,
894 1005 973 1092 γνῷς
990 1001 1075 1070 duci
1102 1008 1222 1071 ἐκεῖνον
1237 1006 1314 1071 πλάτη

263 1114 320 1176 καί
338 1113 452 1175 τοῦτον
473 1107 646 1190 ἀνίστησιν.
688 1102 769 1168 άλλά
794 1103 850 1169 καὶ
868 1107 953 1181 τίνος
973 1106 1097 1188 ἕνεκεν,
1115 1107 1285 1190 ἐπιζητεῖς,
1302 1104 1314 1167 δ

188 1210 196 1226 “
264 1211 365 1275 πλοῦν
392 1207 523 1273 πλάττει
541 1203 597 1269 τάν
619 1197 795 1297 ἄνθρωπον.
807 1201 843 1269 ἔκ
860 1227 894 1270 τε
914 1206 1025 1288 ψυχῆς
1044 1208 1158 1290 νοερᾶς
1178 1208 1234 1270 καί
1251 1200 1314 1285 adp

265 1332 318 1385 τος
329 1333 340 1389 3
360 1303 442 1372 ὥστε
463 1304 640 1385 σύνδεσμον
656 1297 739 1368 εἶναι
761 1306 864 1369 τοῦτο
884 1305 998 1387 νοητοῦ
1016 1302 1138 1386 κόσμου
1161 1306 1218 1369 καὶ
1235 1306 1314 1368 τοῦα

265 1409 399 1490 οθητοῦ.
442 1401 552 1487 ἐπειδὴ
566 1401 627 1486 γάρ
649 1399 679 1466 oi
700 1402 758 1466 δῦο
779 1400 893 1484 κόσμοι
914 1395 1004 1467 οὗτοι
1023 1408 1065 1490 τῇ
1086 1397 1180 1491 οῦσίρ
1201 1400 1314 1484 dessein

265 1530 334 1586 σιν,
357 1507 410 1570 ἵνα
430 1502 476 1587 μὴ
498 1499 676 1588 διαφόρους
703 1498 855 1591 εἰσαγάγῃ
876 1501 1104 1589 δημιουργούς,
1128 1505 1260 1584 διπλοῦν
1279 1504 1313 1581 ζ’

266 1609 301 1670 ἰν
319 1608 363 1693 τῷ
383 1600 490 1692 κόσμῳ
510 1601 564 1667 τάν
584 1595 755 1686 ἄνθρωπον
776 1606 936 1683 τέθεικεν,
961 1600 1314 1685 mencenenterius

266 1702 383 1791 ουρχὸν
400 1705 464 1768 τῦν
484 1696 552 1792 ἅνω
572 1726 606 1767 τε
627 1705 682 1766 κατ’
701 1704 763 1766 τῶν
783 1699 870 1767 κάτω
892 1698 1119 1788 κηρύττεσθαι.

350 1800 607 1887 Ποιήσωμεν
626 1795 850 1884 άνθρωπον
870 1806 955 1866 κατ’
976 1799 1121 1867 εἰκόνα
1142 1797 1313 1884 ἡμετέρα

188 1913 256 1987 1275
267 1900 322 1967 διά
343 1906 379 1966 τι’
396 1900 432 1967 τὸ
467 1902 503 1965 ἐκ
530 1898 679 1983 σώματος
708 1901 762 1966 καὶ
780 1904 891 1985 ψυχῆς
919 1906 1072 1968 συντεθὲν
1093 1903 1174 1981 ξῦον
1195 1894 1314 1985 άνθρωπ

202 2013 209 2030 “
266 2000 432 2084 ω’νόμασεν
461 2000 484 2085 ἦ
510 1999 636 2089 γραφή,
671 2000 688 2064 δ
717 1995 886 2084 ἄνθρωπος
912 2004 952 2089 τῇ
967 2001 1109 2085 Ἐβραΐδι
1128 1989 1275 2089 διαλέκτῳ
1291 2022 1314 2062 το

265 2104 403 2184 λέγεται.
444 2099 501 2165 καὶ
522 2100 632 2186 ἐπειδὴ
653 2099 786 2191 προῄδει
807 2101 824 2165 ὁ
844 2099 923 2176 θεάς
941 2096 990 2165 ὅτι
1013 2096 1075 2165 dni
1097 2097 1168 2179 ἓνὸς
1191 2095 1314 2184 α’νθράνΙ

266 2202 479 2284 ἀνθρωπίνων
500 2197 658 2282 σωμάτων
676 2195 851 2285 πληροῦται
873 2204 930 2284 τῆς
949 2203 1134 2285 οἰκουμένης
1157 2200 1197 2266 τά
1222 2203 1314 2284 πέρατι

267 2293 315 2374 εἷς
338 2297 454 2381 λῦχνος
475 2298 603 2376 ἐξάπτει
623 2297 782 2376 τοσαῦτας
801 2298 994 2383 λαμπάδας,
1015 2298 1069 2366 διά
1091 2304 1186 2366 τοῦτο
1207 2303 1241 2366 τά
1256 2317 1314 2365 sest

266 2421 321 2464 τον
345 2399 425 2477 ζῦον
445 2395 594 2464 ἐκάλεσεν
615 2391 802 2485 ἄνθρωπον,
826 2402 972 2465 τουτέστι
995 2403 1073 2488 πῦρ.
1094 2403 1157 2469 soie
1177 2398 1237 2486 γάρ
1257 2391 1314 2464 itu

338 2563 363 2633 4.
383 2556 481 2632 ἐπειδὴ
499 2552 557 2638 γάρ
575 2568 643 2639 up?

339 2726 394 2781 Cur
421 2734 514 2781 entem
542 2726 609 2780 deus
636 2727 775 2780 hominem
795 2743 887 2781 creans
906 2746 962 2780 non
983 2727 1108 2798 glebam,
1137 2728 1187 2782 sed
1205 2731 1314 2801 pulvereo

269 2799 318 2869 qui
337 2808 379 2851 est
395 2799 542 2852 admodum
571 2809 656 2853 tenue
674 2799 822 2868 quiddam,
846 2799 979 2870 sumpsit?
1001 2801 1128 2852 nimirum
1146 2800 1200 2853 hoc
1217 2801 1314 2853 modot

269 2871 322 2922 luit
338 2872 419 2922 simul
448 2879 506 2924 tum
534 2870 705 2923 inflationem
728 2880 846 2923 nostram
874 2871 1051 2940 comprimere
1074 2881 1132 2923 tum
1157 2869 1314 2924 resurrectio:

269 2958 344 3010 spem
363 2943 460 2993 iacere.
481 2959 543 2993 narn
562 2942 628 3012 quir
648 2948 728 2992 norat
743 2943 844 2993 animal
867 2940 920 2994 hoc
937 2943 1112 2994 emoriturum
1133 2952 1162 2995 et
1179 2944 1314 3013 inpulsus

270 3027 456 3075 reversurum,
472 3013 532 3082 ipsa
550 3014 579 3064 in
594 3013 730 3064 creatione
750 3014 827 3064 velut
839 3023 1012 3066 antevertens
1030 3031 1106 3082 spem
1124 3014 1205 3067 nobis
1224 3017 1256 3066 de
1272 3023 1314 3064 rest

271 3083 393 3134 rectione
412 3083 501 3133 iacere
519 3083 614 3135 voluit.
637 3084 731 3151 itaque
748 3084 887 3152 pulverem
912 3083 1035 3136 deterre
1055 3085 1154 3148 sumit,
1174 3095 1206 3137 ut
1224 3104 1278 3137 cum
1293 3095 1314 3150 p*

171 3193 173 3197 .
269 3168 360 3203 serem
379 3153 408 3202 in
429 3153 554 3222 sepulcro
573 3155 722 3223 conspicis,
742 3155 809 3205 scias
829 3171 890 3206 enm
911 3156 959 3224 qui
977 3155 1116 3207 hominem
1138 3155 1258 3209 formarit
1272 3157 1314 3223 ipss

271 3224 354 3278 etiam
373 3224 604 3276 resuscitaturum.
623 3225 744 3276 fortassis
766 3227 848 3277 etiam
870 3243 985 3296 quaeres
1003 3226 1180 3295 quamobrem
1199 3220 1314 3280 crenrith

188 3344 192 3353 ,
270 3295 373 3346 minem
400 3292 550 3364 duplicem,
579 3296 670 3347 enimn
687 3296 814 3347 nimirum
840 3297 1041 3366 intelligentiae
1058 3299 1215 3368 mentisque
1232 3291 1313 3368 partiti

269 3363 427 3436 praeditum
452 3374 480 3418 et
497 3382 620 3436 corpore.
639 3366 768 3419 nimirum
786 3385 841 3437 quo
871 3384 957 3422 nexus
976 3367 1087 3438 quidam
1103 3370 1176 3422 soret
1196 3362 1314 3424 intellecti

271 3455 303 3489 ac
323 3437 431 3488 sensilis
443 3436 549 3489 mundi.
566 3455 628 3488 nam
647 3455 708 3489 cum
727 3437 757 3489 hi
775 3438 829 3491 duo
848 3439 944 3491 mundi
962 3441 1079 3492 essentia
1099 3457 1147 3492 sua
1165 3442 1281 3512 separati
1295 3435 1314 3487 ti

270 3525 306 3560 ne
327 3507 427 3560 diversi
456 3509 539 3560 etium
573 3509 684 3579 opifices
713 3511 948 3574 existimarentur,
974 3509 1111 3562 hominem
1142 3513 1244 3565 animal
1263 3503 1314 3576 dupl

272 3580 302 3631 in
321 3579 423 3631 mundo
443 3581 593 3644 constituit,
615 3590 646 3632 ut
664 3580 728 3631 hinc
747 3599 817 3633 unus
839 3597 898 3632 esse
911 3590 968 3633 tam
984 3598 1143 3651 superarum
1161 3577 1314 3656 aspostoli*

200 3647 203 3657 ’
271 3667 352 3722 quarn
374 3651 521 3703 inferarum
538 3667 626 3702 rerum
647 3660 752 3706 creator
767 3653 974 3721 intelligeretur.

340 3721 496 3784 Faciamus,
526 3723 618 3791 inquit
635 3721 702 3775 deus
729 3724 808 3790 (Gen.
832 3741 839 3774 r
862 3724 920 3793 26),
947 3721 1086 3775 hominem
1104 3723 1139 3777 ad
1157 3725 1314 3795 imaginent

270 3799 362 3844 stram.
385 3810 432 3844 cur
457 3810 492 3845 ex
517 3794 606 3844 enimn
633 3810 801 3865 corporeque
828 3794 1008 3863 compositum
1028 3795 1131 3847 animal
1148 3797 1258 3850 litterae
1275 3806 1314 3848 sac

270 3861 411 3915 hominem
432 3864 598 3935 appellent?
623 3865 785 3918 vocabulum
803 3865 879 3935 quod
897 3865 1036 3918 hominem
1055 3867 1204 3936 significat,
1229 3869 1314 3937 ignem

270 3931 397 3985 Hebraea
416 3935 509 4004 lingua
527 3934 648 3989 denotat
667 3945 696 3990 et
713 3937 825 4006 quondo
843 3944 923 3988 norat
940 3937 994 3989 iam
1014 3945 1079 3989 ante
1098 3938 1164 3990 deus
1178 3957 1261 3990 unum
1279 3938 1314 3990 ho

270 4019 334 4057 nem
353 4007 511 4074 corporibus
531 4007 657 4060 humanis
682 4025 776 4061 omues
800 4006 874 4060 orbis
897 4007 964 4066 fines
986 4009 1152 4077 repleturum
1170 4027 1306 4081 unamque

272 4090 387 4130 cernam
399 4083 442 4128 tot
465 4077 602 4146 lampadas
625 4096 813 4141 accensurum,
840 4079 938 4130 iccirco
961 4079 1062 4131 animal
1078 4080 1132 4132 hoo
1151 4083 1298 4152 appellavit

272 4145 393 4213 minem,
410 4145 441 4198 id
458 4155 500 4200 est
518 4150 615 4219 ignem.
635 4167 696 4202 nam
723 4150 859 4203 elementa
876 4158 984 4202 caetere
1000 4151 1040 4203 sic
1058 4161 1169 4205 manent
1190 4160 1222 4207 ut
1241 4154 1314 4207 exist.
