2766 4800
511 869 574 930 An
606 865 851 932 OPTllllUM

294 1056 366 1131 nr
397 999 716 1133 nannrauu
750 1055 1063 1135 acarnanas

412 1250 933 1346 nasaniam.
1052 1366 1068 1382 ,

568 1490 789 1503 m

143 1618 314 1712 Michaelis
344 1647 458 1734 Glycae
486 1649 632 1730 Annales,
667 1670 749 1712 nunc
781 1650 919 1735 primum
948 1659 1082 1736 utraque
1121 1652 1225 1736 lingua

145 1751 213 1812 ‹rhi
233 1748 383 1833 cognitos,
407 1771 477 1811 cum
498 1749 556 1814 tihi
575 1751 676 1834 Regiis
702 1751 783 1836 typis
805 1759 1018 1834 repraesento,
1036 1753 1152 1838 optime
1176 1753 1221 1814 le·
1293 1828 1294 1831 Ἴ

147 1869 233 1924 uor,
252 1849 355 1911 nolim
371 1850 519 1912 existimes
540 1851 628 1913 unius
660 1850 817 1934 dumtaxat
840 1851 987 1914 historiae
1009 1861 1063 1914 aut
1085 1853 1225 1916 chronici

148 1951 343 2032 seriptorem,
375 1949 477 2033 quales
498 1949 607 2012 eodem
633 1951 699 2014 fere
721 1959 863 2034 tempore
887 1953 1046 2014 uberrimo
1069 1963 1226 2037 proventu

153 2049 246 2110 ntulit
259 2050 400 2127 Graecia,
414 2048 580 2114 Iohannem
587 2051 749 2128 Zonaram,
766 2052 937 2133 Georgium
946 2052 1128 2130 cedrenum,
1139 2054 1225 2113 Con.

151 2140 308 2210 sentinam
318 2151 484 2213 Manassem
498 2149 678 2232 similesque,
692 2149 744 2212 sed
758 2149 937 2233 theologum
951 2151 1050 2229 simrd,
1068 2174 1225 2216 sacrarum

148 2246 316 2313 literarum
344 2249 569 2332 interpretem,
598 2249 751 2315 medicum
783 2250 991 2335 naturalisque
1010 2252 1153 2314 scientiae
1176 2253 1225 2312 in.

150 2349 321 2431 lagatorem
342 2349 574 2413 solertissimum
594 2349 740 2417 exhiheri.
764 2350 808 2413 ita
828 2352 910 2413 enim
924 2353 961 2412 ah
982 2351 1060 2414 orhe
1081 2351 1223 2432 condito,

153 2447 232 2508 mod
265 2457 297 2511 et
326 2448 377 2509 elii
406 2450 507 2512 facere
527 2451 657 2533 aggressi
687 2459 775 2529 sunt,
805 2473 902 2536 usque
929 2451 968 2512 ad
984 2452 1105 2514 obitum
1127 2453 1224 2517 alexii

150 2549 292 2611 (omneni
323 2557 355 2610 et
385 2571 498 2612 annum
522 2550 636 2612 Christi
657 2551 814 2614 Mcxvnl
841 2537 1089 2634 patriarcharum
1116 2575 1224 2635 regum

152 2649 235 2732 aque
256 2649 480 2731 imperatorum
509 2671 557 2712 res
578 2658 692 2734 gestas,
723 2650 947 2734 historiamque
979 2673 1103 2716 omnem
1120 2651 1224 2713 ludai.

153 2769 211 2810 nm
230 2751 400 2811 Romanam
421 2771 457 2811 ac
478 2750 847 2833 Constantinopolitanam
867 2751 1038 2834 pertexuit,
1060 2760 1096 2811 ut
1114 2750 1224 2815 eodem

151 2839 523 2912 ontextacoatroversas
553 2851 635 2912 inter
658 2850 818 2934 theologos
841 2850 1103 2938 philosophosque
1127 2873 1224 2934 quae-

152 2949 255 3010 siones
285 2950 467 3033 agitaverit,
496 2972 530 3011 ac
552 2949 590 3011 de
617 2951 708 3012 rebus
735 2951 877 3015 omnibus
897 2972 977 3036 quae
998 2950 1136 3030 incaelo
1155 2954 1226 3014 aere

63 3116 65 3119 ¹
153 3055 229 3110 trra
250 3070 286 3110 ac
306 3049 385 3110 mari
415 3051 511 3130 fiunt,
536 3048 574 3112 de
598 3051 703 3113 avibus
723 3050 856 3133 piscihus
879 3050 1078 3129 animalibus,
1096 3049 1225 3111 homine

156 3171 238 3233 sque
258 3149 368 3232 angelis
389 3147 574 3227 disseruerit,
594 3158 739 3232 sequutus
758 3158 900 3215 veterum
921 3158 1048 3232 patrum
1073 3148 1226 3213 Eustathii

154 3249 245 3312 insilii
264 3248 606 3333 NysseniCluysostomi
627 3250 764 3312 Sina'itae
773 3249 893 3313 Pisidae
912 3251 1107 3334 aliomunque
1129 3249 1223 3314 vesti.

156 3369 192 3432 ga
213 3371 249 3410 ac
266 3371 344 3434 pene
366 3349 476 3425 verba,
499 3350 553 3433 qui
581 3365 658 3431 opus
676 3371 726 3411 sex
745 3337 879 3427 dierum,
902 3348 988 3434 quod
1008 3352 1128 3411 Graeca
1148 3370 1225 3413 voce

156 3447 354 3513 hraemeron
369 3448 470 3510 dicere
491 3449 634 3528 solemus,
652 3450 797 3532 singulari
812 3449 969 3533 diligentia
989 3451 1226 3516 concinnarunt.

224 3550 362 3610 Patriam
381 3547 494 3610 docent
514 3569 572 3609 mss
593 3547 731 3625 codices,
768 3550 822 3634 qni
842 3543 1029 3632 Σικελιώτην
1049 3555 1226 3610 constanter

158 3648 316 3732 apellant;
347 3669 403 3709 neo
428 3647 588 3710 abluderet
619 3648 756 3711 additum
775 3647 835 3712 τοῦ
854 3648 885 3712 Γ
884 3647 963 3711 luxui
983 3669 1176 3731 cognomen,
1199 3647 1225 3709 si

158 3749 264 3811 laento
284 3747 469 3810 duodecimo
482 3748 606 3827 ,Christi
629 3749 771 3830 saeculo,
794 3769 859 3833 quo
882 3749 988 3812 vixisse
1009 3749 1093 3810 eirca
1110 3769 1225 3810 annum

158 3850 227 3913 nn.
246 3847 381 3926 videtur,
400 3849 518 3909 Siculos
532 3848 651 3910 Dorica
672 3847 772 3911 adhuc
794 3848 925 3911 dialecto
946 3868 1014 3909 usos
1034 3847 1124 3910 fuisse
1145 3847 1224 3909 con.

160 3957 250 4010 stret.
272 3949 409 4031 privatus
433 3970 471 4009 an
492 3949 523 4008 in
539 3948 718 4031 magistratu
735 3958 788 4009 aut
799 3948 947 4030 dignitate
967 3948 1069 4032 aliqua
1088 3946 1225 4030 publica,

161 4048 272 4109 mitari
295 4048 392 4110 aulica
422 4049 576 4111 lorensive
603 4057 749 4124 ornatus,
780 4049 959 4132 coniugatus
981 4070 1019 4110 an
1038 4048 1154 4110 caelebs
1176 4047 1225 4107 vi.

163 4148 242 4226 rsit,
264 4146 355 4231 plane
379 4148 499 4221 nescio;
530 4171 587 4213 neo
617 4147 757 4236 adspersa
784 4149 995 4237 singulis'lere
1014 4147 1132 4230 paginis
1154 4140 1227 4207 eloi?

133 4385 155 4419 ἢ
