<?xml version="1.0" encoding="UTF-8"?>
<!DOCTYPE html PUBLIC "-//W3C//DTD XHTML 1.0 Transitional//EN"
    "http://www.w3.org/TR/xhtml1/DTD/xhtml1-transitional.dtd">
<html xmlns="http://www.w3.org/1999/xhtml" xml:lang="en" lang="en">
 <head>
  <title>
</title>
<meta http-equiv="Content-Type" content="text/html;charset=utf-8" />
  <meta name='ocr-system' content='tesseract 3.04.00' />
  <meta name='ocr-capabilities' content='ocr_page ocr_carea ocr_par ocr_line ocrx_word'/>
</head>
<body>
  <div class='ocr_page' id='page_1' title='image "./michaelisglycae00glycgoog/michaelisglycae00glycgoog_0289.png"; bbox 0 0 2646 4792; ppageno 0'>
   <div class='ocr_carea' id='block_1_1' title="bbox 195 99 940 186">
    <p class='ocr_par' dir='ltr' id='par_1_1' title="bbox 195 99 940 186">
     <span class='ocr_line' id='line_1_1' title="bbox 195 99 940 186; baseline -0.004 -3"><span class='ocrx_word' id='word_1_1' title='bbox 195 99 280 183; x_wconf 81' lang='lat'>266</span> <span class='ocrx_word' id='word_1_2' title='bbox 531 121 747 186; x_wconf 73' lang='lat' dir='ltr'>ntentans</span> <span class='ocrx_word' id='word_1_3' title='bbox 776 119 940 184; x_wconf 71' lang='lat' dir='ltr'>uticae</span> 
     </span>
    </p>
   </div>
   <div class='ocr_carea' id='block_1_2' title="bbox 97 266 1318 2443">
    <p class='ocr_par' dir='ltr' id='par_1_2' title="bbox 193 266 1293 554">
     <span class='ocr_line' id='line_1_2' title="bbox 193 266 1291 358; baseline -0.009 -17"><span class='ocrx_word' id='word_1_4' title='bbox 193 277 359 342; x_wconf 72' lang='grc' dir='ltr'><strong><em>ἀντιθέτων</em></strong></span> <span class='ocrx_word' id='word_1_5' title='bbox 380 275 483 340; x_wconf 75' lang='grc' dir='ltr'><strong><em>ἵππων</em></strong></span> <span class='ocrx_word' id='word_1_6' title='bbox 498 275 541 349; x_wconf 75' lang='grc' dir='ltr'>εἰς</span> <span class='ocrx_word' id='word_1_7' title='bbox 554 271 658 358; x_wconf 69' lang='grc' dir='ltr'><strong><em>φυγὴν</em></strong></span> <span class='ocrx_word' id='word_1_8' title='bbox 676 276 866 356; x_wconf 74' lang='grc' dir='ltr'><strong><em>τραπέντων,</em></strong></span> <span class='ocrx_word' id='word_1_9' title='bbox 886 279 1046 353; x_wconf 71' lang='grc' dir='ltr'><strong><em>κρατεῖται</em></strong></span> <span class='ocrx_word' id='word_1_10' title='bbox 1064 270 1124 350; x_wconf 80' lang='grc' dir='ltr'><strong><em>μέν</em></strong></span> <span class='ocrx_word' id='word_1_11' title='bbox 1144 266 1291 352; x_wconf 66' lang='lat' dir='ltr'>rihpol-</span> 
     </span>
     <span class='ocr_line' id='line_1_3' title="bbox 194 366 1293 456; baseline -0.009 -17"><span class='ocrx_word' id='word_1_12' title='bbox 194 397 267 456; x_wconf 88' lang='grc' dir='ltr'><strong><em>σος,</em></strong></span> <span class='ocrx_word' id='word_1_13' title='bbox 295 369 452 438; x_wconf 77' lang='grc' dir='ltr'><strong><em>ἀπώλοντο</em></strong></span> <span class='ocrx_word' id='word_1_14' title='bbox 473 374 510 438; x_wconf 69' lang='lat' dir='ltr'>di</span> <span class='ocrx_word' id='word_1_15' title='bbox 528 368 672 456; x_wconf 74' lang='grc' dir='ltr'>χιλιάδες</span> <span class='ocrx_word' id='word_1_16' title='bbox 691 369 741 434; x_wconf 87' lang='grc' dir='ltr'>ά·</span> <span class='ocrx_word' id='word_1_17' title='bbox 794 366 871 434; x_wconf 76' lang='grc' dir='ltr'><strong><em>τόδὲ</em></strong></span> <span class='ocrx_word' id='word_1_18' title='bbox 889 367 950 456; x_wconf 72' lang='grc' dir='ltr'>γάρ</span> <span class='ocrx_word' id='word_1_19' title='bbox 974 367 1087 451; x_wconf 79' lang='grc' dir='ltr'><strong><em>ἴσχυον</em></strong></span> <span class='ocrx_word' id='word_1_20' title='bbox 1109 369 1293 450; x_wconf 80' lang='grc' dir='ltr'><strong><em>α’ντιπερό-</em></strong></span> 
     </span>
     <span class='ocr_line' id='line_1_4' title="bbox 194 468 760 554; baseline -0.009 -14"><span class='ocrx_word' id='word_1_21' title='bbox 194 498 250 540; x_wconf 80' lang='grc' dir='ltr'>σαι</span> <span class='ocrx_word' id='word_1_22' title='bbox 270 473 325 538; x_wconf 91' lang='grc' dir='ltr'>τόν</span> <span class='ocrx_word' id='word_1_23' title='bbox 343 468 485 553; x_wconf 84' lang='grc' dir='ltr'><strong><em>ποταμόν</em></strong></span> <span class='ocrx_word' id='word_1_24' title='bbox 504 473 760 554; x_wconf 80' lang='grc' dir='ltr'><strong><em>πλημμυρούντα.</em></strong></span> 
     </span>
    </p>

    <p class='ocr_par' dir='ltr' id='par_1_3' title="bbox 193 559 1318 1255">
     <span class='ocr_line' id='line_1_5' title="bbox 277 559 1296 656; baseline -0.01 -20"><span class='ocrx_word' id='word_1_25' title='bbox 277 568 371 637; x_wconf 73' lang='lat' dir='ltr'>Merui</span> <span class='ocrx_word' id='word_1_26' title='bbox 395 572 431 634; x_wconf 81' lang='grc' dir='ltr'>δέ</span> <span class='ocrx_word' id='word_1_27' title='bbox 462 572 573 656; x_wconf 80' lang='grc' dir='ltr'><strong><em>Κόρου</em></strong></span> <span class='ocrx_word' id='word_1_28' title='bbox 595 567 769 651; x_wconf 78' lang='grc' dir='ltr'><strong><em>Δαρεῖοςό</em></strong></span> <span class='ocrx_word' id='word_1_29' title='bbox 799 565 867 645; x_wconf 79' lang='grc' dir='ltr'><strong><em>υίὸς</em></strong></span> <span class='ocrx_word' id='word_1_30' title='bbox 884 570 1000 649; x_wconf 70' lang='lat' dir='ltr'>edroi,</span> <span class='ocrx_word' id='word_1_31' title='bbox 1021 559 1091 636; x_wconf 77' lang='grc' dir='ltr'><strong><em>εἶτα</em></strong></span> <span class='ocrx_word' id='word_1_32' title='bbox 1109 565 1296 648; x_wconf 78' lang='grc' dir='ltr'><strong><em>Ἀρταξέρ-</em></strong></span> 
     </span>
     <span class='ocr_line' id='line_1_6' title="bbox 196 657 1318 756; baseline -0.007 -18"><span class='ocrx_word' id='word_1_33' title='bbox 196 675 265 755; x_wconf 79' lang='grc' dir='ltr'><strong><em>ξης,</em></strong></span> <span class='ocrx_word' id='word_1_34' title='bbox 285 673 341 756; x_wconf 84' lang='grc' dir='ltr'>έφ’</span> <span class='ocrx_word' id='word_1_35' title='bbox 360 659 399 735; x_wconf 81' lang='grc' dir='ltr'>ού</span> <span class='ocrx_word' id='word_1_36' title='bbox 421 662 460 753; x_wconf 79' lang='grc' dir='ltr'><strong><em>ἦν</em></strong></span> <span class='ocrx_word' id='word_1_37' title='bbox 478 693 529 744; x_wconf 87' lang='grc' dir='ltr'>τις</span> <span class='ocrx_word' id='word_1_38' title='bbox 547 671 581 734; x_wconf 80' lang='grc' dir='ltr'><strong><em>έν</em></strong></span> <span class='ocrx_word' id='word_1_39' title='bbox 597 668 713 756; x_wconf 83' lang='grc' dir='ltr'><strong><em>Ἰταλίρ</em></strong></span> <span class='ocrx_word' id='word_1_40' title='bbox 732 665 866 748; x_wconf 88' lang='grc' dir='ltr'><strong><em>όνόματι</em></strong></span> <span class='ocrx_word' id='word_1_41' title='bbox 890 664 1018 741; x_wconf 83' lang='grc' dir='ltr'><strong><em>Πύλας.</em></strong></span> <span class='ocrx_word' id='word_1_42' title='bbox 1063 657 1157 738; x_wconf 78' lang='grc' dir='ltr'><strong><em>υότος</em></strong></span> <span class='ocrx_word' id='word_1_43' title='bbox 1174 663 1299 738; x_wconf 83' lang='grc' dir='ltr'><strong><em>κτίσας</em></strong></span> <span class='ocrx_word' id='word_1_44' title='bbox 1315 694 1318 730; x_wconf 72' lang='grc' dir='ltr'><strong>ε</strong></span> 
     </span>
     <span class='ocr_line' id='line_1_7' title="bbox 195 762 1302 850; baseline -0.007 -17"><span class='ocrx_word' id='word_1_45' title='bbox 195 764 279 835; x_wconf 66' lang='lat' dir='ltr'>alnov</span> <span class='ocrx_word' id='word_1_46' title='bbox 298 767 466 834; x_wconf 77' lang='grc' dir='ltr'>Παλάτιον</span> <span class='ocrx_word' id='word_1_47' title='bbox 491 764 670 850; x_wconf 85' lang='grc' dir='ltr'><strong><em>ώνόμασεν,</em></strong></span> <span class='ocrx_word' id='word_1_48' title='bbox 699 762 774 832; x_wconf 72' lang='grc' dir='ltr'><strong><em>όθεν</em></strong></span> <span class='ocrx_word' id='word_1_49' title='bbox 800 765 835 831; x_wconf 86' lang='grc' dir='ltr'>τό</span> <span class='ocrx_word' id='word_1_50' title='bbox 862 765 1024 849; x_wconf 78' lang='grc' dir='ltr'><strong><em>βασιλικόν</em></strong></span> <span class='ocrx_word' id='word_1_51' title='bbox 1044 763 1302 848; x_wconf 67' lang='grc' dir='ltr'><strong><em>κατοικητήριον</em></strong></span> 
     </span>
     <span class='ocr_line' id='line_1_8' title="bbox 193 860 1298 951; baseline -0.009 -19"><span class='ocrx_word' id='word_1_52' title='bbox 193 869 349 933; x_wconf 86' lang='grc' dir='ltr'><strong><em>παλότιον</em></strong></span> <span class='ocrx_word' id='word_1_53' title='bbox 369 868 505 951; x_wconf 77' lang='grc' dir='ltr'><strong><em>λέγεται.</em></strong></span> <span class='ocrx_word' id='word_1_54' title='bbox 558 867 615 931; x_wconf 87' lang='grc' dir='ltr'>καί</span> <span class='ocrx_word' id='word_1_55' title='bbox 640 865 658 929; x_wconf 86' lang='grc' dir='ltr'><strong><em>ό</em></strong></span> <span class='ocrx_word' id='word_1_56' title='bbox 677 869 737 947; x_wconf 81' lang='grc' dir='ltr'><strong><em>μὲν</em></strong></span> <span class='ocrx_word' id='word_1_57' title='bbox 756 868 788 931; x_wconf 94' lang='grc' dir='ltr'><strong><em>Γ</em></strong></span> <span class='ocrx_word' id='word_1_58' title='bbox 784 862 912 950; x_wconf 75' lang='grc' dir='ltr'><strong><em>εώργιος</em></strong></span> <span class='ocrx_word' id='word_1_59' title='bbox 934 860 1054 947; x_wconf 74' lang='grc' dir='ltr'><strong><em>οὕτως,</em></strong></span> <span class='ocrx_word' id='word_1_60' title='bbox 1074 860 1091 928; x_wconf 85' lang='grc' dir='ltr'><strong><em>ό</em></strong></span> <span class='ocrx_word' id='word_1_61' title='bbox 1115 864 1150 927; x_wconf 81' lang='grc' dir='ltr'>δέ</span> <span class='ocrx_word' id='word_1_62' title='bbox 1169 866 1298 925; x_wconf 83' lang='grc' dir='ltr'><strong><em>Ζωνα-</em></strong></span> 
     </span>
     <span class='ocr_line' id='line_1_9' title="bbox 195 959 1298 1051; baseline -0.008 -21"><span class='ocrx_word' id='word_1_63' title='bbox 195 972 255 1048; x_wconf 82' lang='grc' dir='ltr'>ριῖς</span> <span class='ocrx_word' id='word_1_64' title='bbox 277 965 352 1051; x_wconf 82' lang='grc' dir='ltr'><strong><em>περί</em></strong></span> <span class='ocrx_word' id='word_1_65' title='bbox 370 964 481 1032; x_wconf 89' lang='grc' dir='ltr'><strong><em>τούτου</em></strong></span> <span class='ocrx_word' id='word_1_66' title='bbox 502 964 558 1032; x_wconf 85' lang='grc' dir='ltr'>καί</span> <span class='ocrx_word' id='word_1_67' title='bbox 576 964 665 1030; x_wconf 83' lang='grc' dir='ltr'><strong><em>τάδε.</em></strong></span> <span class='ocrx_word' id='word_1_68' title='bbox 707 961 748 1049; x_wconf 68' lang='grc' dir='ltr'>,ἢ</span> <span class='ocrx_word' id='word_1_69' title='bbox 771 967 806 1031; x_wconf 82' lang='grc' dir='ltr'>δὲ</span> <span class='ocrx_word' id='word_1_70' title='bbox 826 967 889 1030; x_wconf 87' lang='grc' dir='ltr'>τών</span> <span class='ocrx_word' id='word_1_71' title='bbox 910 959 1153 1048; x_wconf 69' lang='grc' dir='ltr'>αὐτοκρατόρων</span> <span class='ocrx_word' id='word_1_72' title='bbox 1174 982 1298 1023; x_wconf 78' lang='grc' dir='ltr'><strong><em>κατοι-</em></strong></span> 
     </span>
     <span class='ocr_line' id='line_1_10' title="bbox 195 1057 1296 1153; baseline -0.01 -21"><span class='ocrx_word' id='word_1_73' title='bbox 195 1066 247 1132; x_wconf 83' lang='grc' dir='ltr'>κία</span> <span class='ocrx_word' id='word_1_74' title='bbox 269 1062 421 1131; x_wconf 66' lang='lat' dir='ltr'>natiuae</span> <span class='ocrx_word' id='word_1_75' title='bbox 440 1062 627 1150; x_wconf 73' lang='grc' dir='ltr'><strong><em>ώνομάσθρ,</em></strong></span> <span class='ocrx_word' id='word_1_76' title='bbox 651 1059 696 1129; x_wconf 84' lang='grc' dir='ltr'>ότι</span> <span class='ocrx_word' id='word_1_77' title='bbox 716 1066 751 1128; x_wconf 80' lang='grc' dir='ltr'><strong><em>έν</em></strong></span> <span class='ocrx_word' id='word_1_78' title='bbox 769 1057 835 1148; x_wconf 87' lang='grc' dir='ltr'><strong><em>όρει</em></strong></span> <span class='ocrx_word' id='word_1_79' title='bbox 852 1067 896 1153; x_wconf 79' lang='grc' dir='ltr'>τῷ</span> <span class='ocrx_word' id='word_1_80' title='bbox 918 1066 1100 1150; x_wconf 72' lang='grc' dir='ltr'><strong><em>καλουμένῳ</em></strong></span> <span class='ocrx_word' id='word_1_81' title='bbox 1114 1061 1296 1145; x_wconf 64' lang='grc' dir='ltr'><strong><em>Παλατίῳ,</em></strong></span> 
     </span>
     <span class='ocr_line' id='line_1_11' title="bbox 196 1157 1318 1255; baseline -0.008 -24"><span class='ocrx_word' id='word_1_82' title='bbox 196 1166 230 1231; x_wconf 78' lang='grc' dir='ltr'><strong><em>ἐν</em></strong></span> <span class='ocrx_word' id='word_1_83' title='bbox 251 1157 274 1255; x_wconf 80' lang='grc' dir='ltr'><em>ᾧ</em></span> <span class='ocrx_word' id='word_1_84' title='bbox 298 1168 500 1240; x_wconf 82' lang='grc' dir='ltr'><strong><em>Φαυστοῦλος</em></strong></span> <span class='ocrx_word' id='word_1_85' title='bbox 520 1160 656 1248; x_wconf 78' lang='grc' dir='ltr'><strong><em>διῆγενό</em></strong></span> <span class='ocrx_word' id='word_1_86' title='bbox 675 1163 730 1228; x_wconf 89' lang='grc' dir='ltr'>τόν</span> <span class='ocrx_word' id='word_1_87' title='bbox 745 1160 907 1243; x_wconf 90' lang='grc' dir='ltr'><strong><em>Ῥωμύλον</em></strong></span> <span class='ocrx_word' id='word_1_88' title='bbox 923 1161 1137 1246; x_wconf 74' lang='grc' dir='ltr'><strong><em>θρεψόμενος,</em></strong></span> <span class='ocrx_word' id='word_1_89' title='bbox 1159 1159 1318 1224; x_wconf 60' lang='lat' dir='ltr'>&amp;Kar-1</span> 
     </span>
    </p>

    <p class='ocr_par' dir='ltr' id='par_1_4' title="bbox 97 1252 1318 2443">
     <span class='ocr_line' id='line_1_12' title="bbox 97 1252 1296 1359; baseline -0.013 -26"><span class='ocrx_word' id='word_1_90' title='bbox 97 1285 258 1356; x_wconf 68' lang='lat' dir='ltr'>P·¹i¹⁰“d</span> <span class='ocrx_word' id='word_1_91' title='bbox 287 1258 375 1359; x_wconf 68' lang='grc' dir='ltr'><strong><em>ᾤκει,</em></strong></span> <span class='ocrx_word' id='word_1_92' title='bbox 408 1263 463 1329; x_wconf 88' lang='grc' dir='ltr'>καί</span> <span class='ocrx_word' id='word_1_93' title='bbox 486 1262 539 1328; x_wconf 79' lang='grc' dir='ltr'><strong><em>διά</em></strong></span> <span class='ocrx_word' id='word_1_94' title='bbox 571 1266 679 1344; x_wconf 79' lang='grc' dir='ltr'><strong><em>τοῦτο,</em></strong></span> <span class='ocrx_word' id='word_1_95' title='bbox 702 1252 768 1328; x_wconf 52' lang='grc' dir='ltr'><strong><em>’κόν</em></strong></span> <span class='ocrx_word' id='word_1_96' title='bbox 790 1262 934 1344; x_wconf 81' lang='grc' dir='ltr'><strong><em>άλλαχοό</em></strong></span> <span class='ocrx_word' id='word_1_97' title='bbox 962 1284 1023 1325; x_wconf 91' lang='grc' dir='ltr'>που</span> <span class='ocrx_word' id='word_1_98' title='bbox 1043 1259 1203 1347; x_wconf 70' lang='grc' dir='ltr'><strong><em>καταλύῃ,</em></strong></span> <span class='ocrx_word' id='word_1_99' title='bbox 1221 1254 1296 1338; x_wconf 71' lang='grc' dir='ltr'>τῆν</span> 
     </span>
     <span class='ocr_line' id='line_1_13' title="bbox 194 1355 1296 1447; baseline -0.012 -16"><span class='ocrx_word' id='word_1_100' title='bbox 194 1368 250 1431; x_wconf 80' lang='grc' dir='ltr'>τοῦ</span> <span class='ocrx_word' id='word_1_101' title='bbox 271 1366 424 1429; x_wconf 90' lang='grc' dir='ltr'><strong><em>παλατιόυ</em></strong></span> <span class='ocrx_word' id='word_1_102' title='bbox 447 1364 556 1447; x_wconf 73' lang='grc' dir='ltr'><strong><em>κλῆσιν</em></strong></span> <span class='ocrx_word' id='word_1_103' title='bbox 575 1362 593 1446; x_wconf 80' lang='grc' dir='ltr'><em>ἦ</em></span> <span class='ocrx_word' id='word_1_104' title='bbox 615 1360 779 1446; x_wconf 71' lang='grc' dir='ltr'><strong><em>καταγωγή</em></strong></span> <span class='ocrx_word' id='word_1_105' title='bbox 803 1363 905 1426; x_wconf 83' lang='grc' dir='ltr'><strong><em>αάτού</em></strong></span> <span class='ocrx_word' id='word_1_106' title='bbox 925 1358 1020 1443; x_wconf 78' lang='grc' dir='ltr'><strong><em>ἔχει.”</em></strong></span> <span class='ocrx_word' id='word_1_107' title='bbox 1041 1358 1124 1441; x_wconf 80' lang='grc' dir='ltr'><strong><em>μετά</em></strong></span> <span class='ocrx_word' id='word_1_108' title='bbox 1146 1360 1182 1423; x_wconf 81' lang='grc' dir='ltr'>δὲ</span> <span class='ocrx_word' id='word_1_109' title='bbox 1202 1355 1296 1421; x_wconf 71' lang='grc' dir='ltr'><strong><em>τοῦ·</em></strong></span> 
     </span>
     <span class='ocr_line' id='line_1_14' title="bbox 194 1450 1310 1552; baseline -0.013 -22"><span class='ocrx_word' id='word_1_110' title='bbox 194 1490 234 1530; x_wconf 88' lang='grc' dir='ltr'>τα</span> <span class='ocrx_word' id='word_1_111' title='bbox 250 1461 370 1543; x_wconf 84' lang='grc' dir='ltr'><strong><em>Ῥώμος</em></strong></span> <span class='ocrx_word' id='word_1_112' title='bbox 390 1459 406 1526; x_wconf 88' lang='grc' dir='ltr'><strong><em>ό</em></strong></span> <span class='ocrx_word' id='word_1_113' title='bbox 425 1463 534 1537; x_wconf 87' lang='grc' dir='ltr'><strong><em>κτίσας</em></strong></span> <span class='ocrx_word' id='word_1_114' title='bbox 553 1460 609 1547; x_wconf 67' lang='grc' dir='ltr'>τὴν</span> <span class='ocrx_word' id='word_1_115' title='bbox 624 1460 748 1546; x_wconf 69' lang='grc' dir='ltr'><strong><em>Ῥώμην</em></strong></span> <span class='ocrx_word' id='word_1_116' title='bbox 770 1461 825 1525; x_wconf 81' lang='grc' dir='ltr'>καί</span> <span class='ocrx_word' id='word_1_117' title='bbox 839 1456 952 1545; x_wconf 78' lang='grc' dir='ltr'><strong><em>Ῥῆμος</em></strong></span> <span class='ocrx_word' id='word_1_118' title='bbox 972 1459 990 1524; x_wconf 85' lang='grc' dir='ltr'><strong><em>ό</em></strong></span> <span class='ocrx_word' id='word_1_119' title='bbox 1010 1454 1151 1545; x_wconf 72' lang='grc' dir='ltr'><strong><em>ἀδελφός</em></strong></span> <span class='ocrx_word' id='word_1_120' title='bbox 1172 1450 1310 1552; x_wconf 22' lang='lat' dir='ltr'>sissi..</span> 
     </span>
     <span class='ocr_line' id='line_1_15' title="bbox 196 1552 1289 1648; baseline -0.011 -21"><span class='ocrx_word' id='word_1_121' title='bbox 196 1556 285 1629; x_wconf 80' lang='grc' dir='ltr'><strong><em>οὗτοι</em></strong></span> <span class='ocrx_word' id='word_1_122' title='bbox 306 1564 465 1638; x_wconf 75' lang='grc' dir='ltr'><strong><em>κτίσαντες</em></strong></span> <span class='ocrx_word' id='word_1_123' title='bbox 488 1562 565 1628; x_wconf 88' lang='grc' dir='ltr'><strong><em>ναόν</em></strong></span> <span class='ocrx_word' id='word_1_124' title='bbox 584 1564 627 1648; x_wconf 76' lang='grc' dir='ltr'>τῷ</span> <span class='ocrx_word' id='word_1_125' title='bbox 647 1564 705 1627; x_wconf 84' lang='grc' dir='ltr'><strong><em>Διί</em></strong></span> <span class='ocrx_word' id='word_1_126' title='bbox 724 1557 933 1627; x_wconf 77' lang='grc' dir='ltr'><strong><em>Καπετώλιον</em></strong></span> <span class='ocrx_word' id='word_1_127' title='bbox 949 1556 1074 1644; x_wconf 76' lang='grc' dir='ltr'><strong><em>Ῥώμης</em></strong></span> <span class='ocrx_word' id='word_1_128' title='bbox 1095 1552 1289 1638; x_wconf 73' lang='grc' dir='ltr'><strong><em>ώνόμασαν,</em></strong></span> 
     </span>
     <span class='ocr_line' id='line_1_16' title="bbox 194 1654 1318 1747; baseline -0.012 -17"><span class='ocrx_word' id='word_1_129' title='bbox 194 1666 338 1731; x_wconf 80' lang='grc' dir='ltr'><strong><em>τουτέστι</em></strong></span> <span class='ocrx_word' id='word_1_130' title='bbox 370 1658 508 1747; x_wconf 64' lang='grc' dir='ltr'><strong><em>κεφαλὴν</em></strong></span> <span class='ocrx_word' id='word_1_131' title='bbox 528 1663 584 1745; x_wconf 75' lang='grc' dir='ltr'>τῆς</span> <span class='ocrx_word' id='word_1_132' title='bbox 604 1659 735 1737; x_wconf 84' lang='grc' dir='ltr'><strong><em>πόλεως.</em></strong></span> <span class='ocrx_word' id='word_1_133' title='bbox 794 1658 811 1724; x_wconf 91' lang='grc' dir='ltr'><strong><em>ό</em></strong></span> <span class='ocrx_word' id='word_1_134' title='bbox 834 1660 942 1741; x_wconf 86' lang='grc' dir='ltr'><strong><em>μέντοι</em></strong></span> <span class='ocrx_word' id='word_1_135' title='bbox 957 1655 1077 1738; x_wconf 85' lang='grc' dir='ltr'><strong><em>Ῥώμος</em></strong></span> <span class='ocrx_word' id='word_1_136' title='bbox 1098 1654 1151 1721; x_wconf 89' lang='grc' dir='ltr'>τόν</span> <span class='ocrx_word' id='word_1_137' title='bbox 1165 1654 1318 1737; x_wconf 69' lang='grc' dir='ltr'><strong><em>Ῥῆμονιῑ</em></strong></span> 
     </span>
     <span class='ocr_line' id='line_1_17' title="bbox 196 1748 1290 1852; baseline -0.016 -23"><span class='ocrx_word' id='word_1_138' title='bbox 196 1761 371 1852; x_wconf 74' lang='grc' dir='ltr'><strong><em>φονεύσας,</em></strong></span> <span class='ocrx_word' id='word_1_139' title='bbox 392 1764 448 1826; x_wconf 80' lang='grc' dir='ltr'>καί</span> <span class='ocrx_word' id='word_1_140' title='bbox 466 1758 522 1825; x_wconf 89' lang='grc' dir='ltr'>τόν</span> <span class='ocrx_word' id='word_1_141' title='bbox 542 1763 644 1845; x_wconf 73' lang='grc' dir='ltr'><strong><em>δῆμον</em></strong></span> <span class='ocrx_word' id='word_1_142' title='bbox 664 1759 748 1847; x_wconf 84' lang='grc' dir='ltr'><strong><em>όρών</em></strong></span> <span class='ocrx_word' id='word_1_143' title='bbox 765 1756 989 1839; x_wconf 84' lang='grc' dir='ltr'><strong><em>στασιάζοντα,</em></strong></span> <span class='ocrx_word' id='word_1_144' title='bbox 1006 1758 1130 1843; x_wconf 86' lang='grc' dir='ltr'><strong><em>πρώτος</em></strong></span> <span class='ocrx_word' id='word_1_145' title='bbox 1152 1748 1290 1819; x_wconf 78' lang='grc' dir='ltr'><strong><em>ἱππικὸν</em></strong></span> 
     </span>
     <span class='ocr_line' id='line_1_18' title="bbox 194 1855 1289 1946; baseline -0.016 -19"><span class='ocrx_word' id='word_1_146' title='bbox 194 1865 377 1928; x_wconf 78' lang='grc' dir='ltr'><strong><em>άπετέλεσεν</em></strong></span> <span class='ocrx_word' id='word_1_147' title='bbox 401 1862 447 1937; x_wconf 82' lang='grc' dir='ltr'>εἷς</span> <span class='ocrx_word' id='word_1_148' title='bbox 463 1859 556 1946; x_wconf 66' lang='grc' dir='ltr'><strong><em>τιμὴν</em></strong></span> <span class='ocrx_word' id='word_1_149' title='bbox 578 1861 635 1925; x_wconf 86' lang='grc' dir='ltr'>τού</span> <span class='ocrx_word' id='word_1_150' title='bbox 656 1858 747 1944; x_wconf 76' lang='grc' dir='ltr'><strong><em>ἡλίου</em></strong></span> <span class='ocrx_word' id='word_1_151' title='bbox 769 1859 825 1924; x_wconf 84' lang='grc' dir='ltr'>καί</span> <span class='ocrx_word' id='word_1_152' title='bbox 840 1861 902 1923; x_wconf 88' lang='grc' dir='ltr'>τών</span> <span class='ocrx_word' id='word_1_153' title='bbox 920 1857 1084 1941; x_wconf 83' lang='grc' dir='ltr'><strong><em>τεσσάρων</em></strong></span> <span class='ocrx_word' id='word_1_154' title='bbox 1105 1855 1289 1936; x_wconf 80' lang='grc' dir='ltr'><strong><em>στοιχείων.</em></strong></span> 
     </span>
     <span class='ocr_line' id='line_1_19' title="bbox 195 1942 1287 2045; baseline -0.015 -17"><span class='ocrx_word' id='word_1_155' title='bbox 195 1961 273 2028; x_wconf 78' lang='grc' dir='ltr'><strong><em>ἀλλά</em></strong></span> <span class='ocrx_word' id='word_1_156' title='bbox 299 1961 354 2027; x_wconf 82' lang='grc' dir='ltr'>καί</span> <span class='ocrx_word' id='word_1_157' title='bbox 375 1955 473 2038; x_wconf 76' lang='grc' dir='ltr'><strong><em>οότως</em></strong></span> <span class='ocrx_word' id='word_1_158' title='bbox 501 1961 522 2045; x_wconf 81' lang='grc' dir='ltr'><em>ἦ</em></span> <span class='ocrx_word' id='word_1_159' title='bbox 555 1959 645 2034; x_wconf 89' lang='grc' dir='ltr'><strong><em>πόλις</em></strong></span> <span class='ocrx_word' id='word_1_160' title='bbox 676 1957 877 2044; x_wconf 79' lang='grc' dir='ltr'><strong><em>ἐταράσσετο.</em></strong></span> <span class='ocrx_word' id='word_1_161' title='bbox 919 1953 1079 2042; x_wconf 70' lang='grc' dir='ltr'><strong><em>ε’ρωτὴσας</em></strong></span> <span class='ocrx_word' id='word_1_162' title='bbox 1101 1947 1158 2018; x_wconf 85' lang='grc' dir='ltr'><strong><em>οόν</em></strong></span> <span class='ocrx_word' id='word_1_163' title='bbox 1179 1952 1221 2026; x_wconf 81' lang='grc' dir='ltr'>τίς</span> <span class='ocrx_word' id='word_1_164' title='bbox 1241 1942 1287 2012; x_wconf 82' lang='grc' dir='ltr'>τό</span> 
     </span>
     <span class='ocr_line' id='line_1_20' title="bbox 194 2039 1285 2144; baseline -0.01 -18"><span class='ocrx_word' id='word_1_165' title='bbox 194 2070 340 2144; x_wconf 83' lang='grc' dir='ltr'><strong><em>μαντεῖον</em></strong></span> <span class='ocrx_word' id='word_1_166' title='bbox 362 2059 415 2125; x_wconf 80' lang='grc' dir='ltr'><strong><em>διά</em></strong></span> <span class='ocrx_word' id='word_1_167' title='bbox 436 2065 471 2124; x_wconf 84' lang='grc' dir='ltr'>τί</span> <span class='ocrx_word' id='word_1_168' title='bbox 488 2062 521 2136; x_wconf 82' lang='grc' dir='ltr'>ἐς</span> <span class='ocrx_word' id='word_1_169' title='bbox 540 2063 688 2124; x_wconf 77' lang='grc' dir='ltr'><strong><em>τοσοῦτον</em></strong></span> <span class='ocrx_word' id='word_1_170' title='bbox 709 2054 728 2143; x_wconf 80' lang='grc' dir='ltr'><em>ἢ</em></span> <span class='ocrx_word' id='word_1_171' title='bbox 749 2054 839 2144; x_wconf 84' lang='grc' dir='ltr'><strong><em>πόλις</em></strong></span> <span class='ocrx_word' id='word_1_172' title='bbox 854 2060 986 2137; x_wconf 83' lang='grc' dir='ltr'><strong><em>σείεται,</em></strong></span> <span class='ocrx_word' id='word_1_173' title='bbox 1010 2049 1143 2139; x_wconf 73' lang='grc' dir='ltr'><strong><em>ἤκουσεν</em></strong></span> <span class='ocrx_word' id='word_1_174' title='bbox 1164 2053 1213 2133; x_wconf 74' lang='lat' dir='ltr'>„ei</span> <span class='ocrx_word' id='word_1_175' title='bbox 1227 2039 1285 2129; x_wconf 66' lang='grc' dir='ltr'>μή</span> 
     </span>
     <span class='ocr_line' id='line_1_21' title="bbox 195 2148 1314 2245; baseline -0.013 -18"><span class='ocrx_word' id='word_1_176' title='bbox 195 2163 382 2244; x_wconf 73' lang='grc' dir='ltr'><strong><em>συγκαθισει</em></strong></span> <span class='ocrx_word' id='word_1_177' title='bbox 410 2156 587 2245; x_wconf 82' lang='grc' dir='ltr'><strong><em>όιίόελφός</em></strong></span> <span class='ocrx_word' id='word_1_178' title='bbox 606 2181 664 2221; x_wconf 91' lang='grc' dir='ltr'>σου</span> <span class='ocrx_word' id='word_1_179' title='bbox 694 2155 771 2237; x_wconf 85' lang='grc' dir='ltr'><strong><em>μετά</em></strong></span> <span class='ocrx_word' id='word_1_180' title='bbox 794 2159 871 2239; x_wconf 71' lang='lat' dir='ltr'>uod,</span> <span class='ocrx_word' id='word_1_181' title='bbox 902 2155 959 2218; x_wconf 80' lang='grc' dir='ltr'><strong><em>ουἰι</em></strong></span> <span class='ocrx_word' id='word_1_182' title='bbox 987 2149 1027 2219; x_wconf 81' lang='grc' dir='ltr'><strong><em>όν</em></strong></span> <span class='ocrx_word' id='word_1_183' title='bbox 1059 2150 1187 2237; x_wconf 78' lang='grc' dir='ltr'><strong><em>ἡπόλις</em></strong></span> <span class='ocrx_word' id='word_1_184' title='bbox 1204 2148 1314 2232; x_wconf 65' lang='grc' dir='ltr'>ἦρε·10</span> 
     </span>
     <span class='ocr_line' id='line_1_22' title="bbox 195 2248 1283 2344; baseline -0.012 -20"><span class='ocrx_word' id='word_1_185' title='bbox 195 2257 321 2344; x_wconf 75' lang='grc' dir='ltr'><strong><em>μήσει.”</em></strong></span> <span class='ocrx_word' id='word_1_186' title='bbox 361 2257 528 2338; x_wconf 82' lang='grc' dir='ltr'><strong><em>έντάπωμα</em></strong></span> <span class='ocrx_word' id='word_1_187' title='bbox 546 2254 680 2340; x_wconf 78' lang='grc' dir='ltr'><strong><em>ποιήσας</em></strong></span> <span class='ocrx_word' id='word_1_188' title='bbox 694 2258 750 2320; x_wconf 79' lang='grc' dir='ltr'>τοῦ</span> <span class='ocrx_word' id='word_1_189' title='bbox 771 2255 914 2343; x_wconf 83' lang='grc' dir='ltr'><strong><em>α’όελφοό</em></strong></span> <span class='ocrx_word' id='word_1_190' title='bbox 932 2257 1074 2339; x_wconf 80' lang='grc' dir='ltr'><strong><em>χρυσοῦν</em></strong></span> <span class='ocrx_word' id='word_1_191' title='bbox 1093 2248 1283 2322; x_wconf 66' lang='grc' dir='ltr'><strong><em>συνεκόθιζλ</em></strong></span> 
     </span>
     <span class='ocr_line' id='line_1_23' title="bbox 195 2357 756 2443; baseline -0.011 -18"><span class='ocrx_word' id='word_1_192' title='bbox 195 2362 263 2443; x_wconf 88' lang='grc' dir='ltr'><strong><em>μετ’</em></strong></span> <span class='ocrx_word' id='word_1_193' title='bbox 283 2357 383 2424; x_wconf 77' lang='lat' dir='ltr'>odessi</span> <span class='ocrx_word' id='word_1_194' title='bbox 404 2358 459 2422; x_wconf 85' lang='grc' dir='ltr'>καί</span> <span class='ocrx_word' id='word_1_195' title='bbox 473 2357 662 2442; x_wconf 81' lang='grc' dir='ltr'><strong><em>συνέκρινεν.</em></strong></span> <span class='ocrx_word' id='word_1_196' title='bbox 754 2402 756 2405; x_wconf 89' lang='grc'><strong>-</strong></span> 
     </span>
    </p>
   </div>
   <div class='ocr_carea' id='block_1_3' title="bbox 99 2593 1318 4083">
    <p class='ocr_par' dir='ltr' id='par_1_5' title="bbox 195 2593 1273 2807">
     <span class='ocr_line' id='line_1_24' title="bbox 198 2593 1273 2666; baseline -0.002 -18"><span class='ocrx_word' id='word_1_197' title='bbox 198 2595 275 2664; x_wconf 85' lang='lat' dir='ltr'>equis</span> <span class='ocrx_word' id='word_1_198' title='bbox 296 2594 428 2664; x_wconf 89' lang='lat' dir='ltr'>oppositis</span> <span class='ocrx_word' id='word_1_199' title='bbox 455 2594 484 2645; x_wconf 92' lang='lat' dir='ltr'>in</span> <span class='ocrx_word' id='word_1_200' title='bbox 510 2593 599 2662; x_wconf 79' lang='lat' dir='ltr'>fugam</span> <span class='ocrx_word' id='word_1_201' title='bbox 616 2595 715 2657; x_wconf 84' lang='lat' dir='ltr'>versis,</span> <span class='ocrx_word' id='word_1_202' title='bbox 734 2595 847 2648; x_wconf 84' lang='lat' dir='ltr'>Croesus</span> <span class='ocrx_word' id='word_1_203' title='bbox 865 2598 894 2647; x_wconf 86' lang='lat' dir='ltr'>in</span> <span class='ocrx_word' id='word_1_204' title='bbox 915 2595 1032 2648; x_wconf 89' lang='lat' dir='ltr'>hostium</span> <span class='ocrx_word' id='word_1_205' title='bbox 1051 2603 1210 2666; x_wconf 84' lang='lat' dir='ltr'>potestatem</span> <span class='ocrx_word' id='word_1_206' title='bbox 1227 2603 1273 2641; x_wconf 68' lang='lat' dir='ltr'>v?-</span> 
     </span>
     <span class='ocr_line' id='line_1_25' title="bbox 196 2664 1270 2738; baseline -0.001 -21"><span class='ocrx_word' id='word_1_207' title='bbox 196 2667 352 2730; x_wconf 76' lang='lat' dir='ltr'>nit,&#39;eaesis</span> <span class='ocrx_word' id='word_1_208' title='bbox 377 2664 582 2736; x_wconf 77' lang='lat' dir='ltr'>quadringentis</span> <span class='ocrx_word' id='word_1_209' title='bbox 608 2665 745 2716; x_wconf 90' lang='lat' dir='ltr'>hominum</span> <span class='ocrx_word' id='word_1_210' title='bbox 773 2665 906 2731; x_wconf 86' lang='lat' dir='ltr'>millibus,</span> <span class='ocrx_word' id='word_1_211' title='bbox 924 2684 984 2718; x_wconf 89' lang='lat' dir='ltr'>cum</span> <span class='ocrx_word' id='word_1_212' title='bbox 1001 2674 1119 2733; x_wconf 83' lang='lat' dir='ltr'>amnein,</span> <span class='ocrx_word' id='word_1_213' title='bbox 1138 2667 1183 2738; x_wconf 90' lang='lat' dir='ltr'>qui</span> <span class='ocrx_word' id='word_1_214' title='bbox 1198 2673 1270 2734; x_wconf 67' lang='lat' dir='ltr'>supr⁸</span> 
     </span>
     <span class='ocr_line' id='line_1_26' title="bbox 195 2735 1025 2807; baseline -0.001 -17"><span class='ocrx_word' id='word_1_215' title='bbox 195 2738 306 2790; x_wconf 87' lang='lat' dir='ltr'>modum</span> <span class='ocrx_word' id='word_1_216' title='bbox 325 2735 521 2798; x_wconf 69' lang='lat' dir='ltr'>enuntiaverat,</span> <span class='ocrx_word' id='word_1_217' title='bbox 540 2754 643 2787; x_wconf 85' lang='lat' dir='ltr'>rursum</span> <span class='ocrx_word' id='word_1_218' title='bbox 660 2737 816 2789; x_wconf 84' lang='lat' dir='ltr'>transiicere</span> <span class='ocrx_word' id='word_1_219' title='bbox 834 2755 889 2792; x_wconf 90' lang='lat' dir='ltr'>uon</span> <span class='ocrx_word' id='word_1_220' title='bbox 907 2747 1025 2807; x_wconf 83' lang='lat' dir='ltr'>possent</span> 
     </span>
    </p>

    <p class='ocr_par' dir='ltr' id='par_1_6' title="bbox 196 2807 1315 3375">
     <span class='ocr_line' id='line_1_27' title="bbox 266 2807 1265 2878; baseline -0.002 -20"><span class='ocrx_word' id='word_1_221' title='bbox 266 2808 334 2875; x_wconf 87' lang='lat' dir='ltr'>Cyro</span> <span class='ocrx_word' id='word_1_222' title='bbox 360 2809 457 2859; x_wconf 87' lang='lat' dir='ltr'>Darius</span> <span class='ocrx_word' id='word_1_223' title='bbox 481 2807 554 2858; x_wconf 87' lang='lat' dir='ltr'>lilius</span> <span class='ocrx_word' id='word_1_224' title='bbox 579 2808 723 2870; x_wconf 87' lang='lat' dir='ltr'>successit,</span> <span class='ocrx_word' id='word_1_225' title='bbox 754 2810 836 2860; x_wconf 88' lang='lat' dir='ltr'>Dario</span> <span class='ocrx_word' id='word_1_226' title='bbox 861 2810 1034 2873; x_wconf 59' lang='lat' dir='ltr'>Artaxerxem</span> <span class='ocrx_word' id='word_1_227' title='bbox 1068 2825 1124 2878; x_wconf 90' lang='lat' dir='ltr'>quo</span> <span class='ocrx_word' id='word_1_228' title='bbox 1152 2808 1265 2875; x_wconf 72' lang='lat' dir='ltr'>regnauit</span> 
     </span>
     <span class='ocr_line' id='line_1_28' title="bbox 198 2861 1262 2947; baseline -0.005 -19"><span class='ocrx_word' id='word_1_229' title='bbox 198 2876 309 2947; x_wconf 87' lang='lat' dir='ltr'>quidam</span> <span class='ocrx_word' id='word_1_230' title='bbox 329 2878 358 2928; x_wconf 92' lang='lat' dir='ltr'>in</span> <span class='ocrx_word' id='word_1_231' title='bbox 376 2879 455 2929; x_wconf 88' lang='lat' dir='ltr'>ltalia</span> <span class='ocrx_word' id='word_1_232' title='bbox 472 2878 548 2930; x_wconf 84' lang='lat' dir='ltr'>Palas</span> <span class='ocrx_word' id='word_1_233' title='bbox 573 2861 686 2930; x_wconf 78' lang='lat' dir='ltr'>exstitit.</span> <span class='ocrx_word' id='word_1_234' title='bbox 710 2878 732 2929; x_wconf 89' lang='lat' dir='ltr'>is</span> <span class='ocrx_word' id='word_1_235' title='bbox 763 2880 871 2930; x_wconf 88' lang='lat' dir='ltr'>domum</span> <span class='ocrx_word' id='word_1_236' title='bbox 895 2888 1057 2931; x_wconf 77' lang='lat' dir='ltr'>exstructam</span> <span class='ocrx_word' id='word_1_237' title='bbox 1078 2881 1112 2931; x_wconf 87' lang='lat' dir='ltr'>ab</span> <span class='ocrx_word' id='word_1_238' title='bbox 1132 2897 1161 2931; x_wconf 86' lang='lat' dir='ltr'>ss</span> <span class='ocrx_word' id='word_1_239' title='bbox 1180 2871 1262 2929; x_wconf 84' lang='lat' dir='ltr'>Palati·</span> 
     </span>
     <span class='ocr_line' id='line_1_29' title="bbox 197 2947 1315 3017; baseline -0.002 -19"><span class='ocrx_word' id='word_1_240' title='bbox 197 2965 243 2998; x_wconf 87' lang='lat' dir='ltr'>um</span> <span class='ocrx_word' id='word_1_241' title='bbox 258 2951 439 3017; x_wconf 75' lang='lat' dir='ltr'>nuncupavit,</span> <span class='ocrx_word' id='word_1_242' title='bbox 462 2947 534 3000; x_wconf 91' lang='lat' dir='ltr'>unde</span> <span class='ocrx_word' id='word_1_243' title='bbox 555 2966 612 3001; x_wconf 89' lang='lat' dir='ltr'>mos</span> <span class='ocrx_word' id='word_1_244' title='bbox 639 2948 753 3001; x_wconf 87' lang='lat' dir='ltr'>inolevit</span> <span class='ocrx_word' id='word_1_245' title='bbox 778 2959 809 3002; x_wconf 91' lang='lat' dir='ltr'>ut</span> <span class='ocrx_word' id='word_1_246' title='bbox 826 2950 907 3002; x_wconf 86' lang='lat' dir='ltr'>aedes</span> <span class='ocrx_word' id='word_1_247' title='bbox 929 2952 1017 3017; x_wconf 81' lang='lat' dir='ltr'>regiae</span> <span class='ocrx_word' id='word_1_248' title='bbox 1039 2951 1169 3002; x_wconf 85' lang='lat' dir='ltr'>Palatium</span> <span class='ocrx_word' id='word_1_249' title='bbox 1186 2951 1260 2999; x_wconf 77' lang='lat' dir='ltr'>dican·</span> <span class='ocrx_word' id='word_1_250' title='bbox 1314 3003 1315 3010; x_wconf 16' lang='grc' dir='ltr'><strong><em>ρ</em></strong></span> 
     </span>
     <span class='ocr_line' id='line_1_30' title="bbox 196 3015 1260 3091; baseline -0.001 -20"><span class='ocrx_word' id='word_1_251' title='bbox 196 3026 250 3071; x_wconf 87' lang='lat' dir='ltr'>tur.</span> <span class='ocrx_word' id='word_1_252' title='bbox 268 3017 335 3069; x_wconf 88' lang='lat' dir='ltr'>haec</span> <span class='ocrx_word' id='word_1_253' title='bbox 356 3027 397 3069; x_wconf 80' lang='lat' dir='ltr'>est</span> <span class='ocrx_word' id='word_1_254' title='bbox 415 3019 525 3087; x_wconf 78' lang='lat' dir='ltr'>Georgii</span> <span class='ocrx_word' id='word_1_255' title='bbox 539 3021 680 3071; x_wconf 85' lang='lat' dir='ltr'>sententia.</span> <span class='ocrx_word' id='word_1_256' title='bbox 716 3021 827 3072; x_wconf 74' lang='lat' dir='ltr'>&#39;Zonaras</span> <span class='ocrx_word' id='word_1_257' title='bbox 847 3039 911 3073; x_wconf 82' lang='lat' dir='ltr'>vero</span> <span class='ocrx_word' id='word_1_258' title='bbox 931 3022 1078 3073; x_wconf 78' lang='lat' dir='ltr'>memoriae</span> <span class='ocrx_word' id='word_1_259' title='bbox 1098 3021 1212 3091; x_wconf 89' lang='lat' dir='ltr'>prodidit</span> <span class='ocrx_word' id='word_1_260' title='bbox 1223 3015 1260 3066; x_wconf 70' lang='lat' dir='ltr'>dv·</span> 
     </span>
     <span class='ocr_line' id='line_1_31' title="bbox 197 3083 1258 3162; baseline -0.002 -20"><span class='ocrx_word' id='word_1_261' title='bbox 197 3106 271 3142; x_wconf 90' lang='lat' dir='ltr'>mum</span> <span class='ocrx_word' id='word_1_262' title='bbox 289 3090 486 3158; x_wconf 79' lang='lat' dir='ltr'>imperatoriam</span> <span class='ocrx_word' id='word_1_263' title='bbox 507 3090 638 3141; x_wconf 87' lang='lat' dir='ltr'>Palatium</span> <span class='ocrx_word' id='word_1_264' title='bbox 655 3093 744 3143; x_wconf 79' lang='lat' dir='ltr'>vocari</span> <span class='ocrx_word' id='word_1_265' title='bbox 770 3101 912 3162; x_wconf 82' lang='lat' dir='ltr'>propterea</span> <span class='ocrx_word' id='word_1_266' title='bbox 932 3092 1005 3162; x_wconf 91' lang='lat' dir='ltr'>quod</span> <span class='ocrx_word' id='word_1_267' title='bbox 1024 3093 1054 3143; x_wconf 89' lang='lat' dir='ltr'>in</span> <span class='ocrx_word' id='word_1_268' title='bbox 1073 3102 1165 3145; x_wconf 87' lang='lat' dir='ltr'>monte</span> <span class='ocrx_word' id='word_1_269' title='bbox 1181 3083 1258 3143; x_wconf 75' lang='lat' dir='ltr'>Palati·</span> 
     </span>
     <span class='ocr_line' id='line_1_32' title="bbox 198 3159 1258 3232; baseline 0 -20"><span class='ocrx_word' id='word_1_270' title='bbox 198 3179 249 3223; x_wconf 89' lang='lat' dir='ltr'>no,</span> <span class='ocrx_word' id='word_1_271' title='bbox 268 3177 347 3230; x_wconf 85' lang='lat' dir='ltr'>quem</span> <span class='ocrx_word' id='word_1_272' title='bbox 368 3159 433 3210; x_wconf 89' lang='lat' dir='ltr'>olim</span> <span class='ocrx_word' id='word_1_273' title='bbox 451 3159 616 3212; x_wconf 74' lang='lat' dir='ltr'>inhabitavit</span> <span class='ocrx_word' id='word_1_274' title='bbox 632 3161 775 3214; x_wconf 79' lang='lat' dir='ltr'>Faustulus</span> <span class='ocrx_word' id='word_1_275' title='bbox 793 3164 816 3214; x_wconf 90' lang='lat' dir='ltr'>is</span> <span class='ocrx_word' id='word_1_276' title='bbox 835 3165 882 3232; x_wconf 88' lang='lat' dir='ltr'>qui</span> <span class='ocrx_word' id='word_1_277' title='bbox 900 3166 1009 3213; x_wconf 77' lang='lat' dir='ltr'>Romam</span> <span class='ocrx_word' id='word_1_278' title='bbox 1027 3162 1168 3228; x_wconf 83' lang='lat' dir='ltr'>educavit,</span> <span class='ocrx_word' id='word_1_279' title='bbox 1185 3163 1258 3212; x_wconf 59' lang='lat' dir='ltr'>Caesis</span> 
     </span>
     <span class='ocr_line' id='line_1_33' title="bbox 199 3225 1315 3299; baseline 0 -17"><span class='ocrx_word' id='word_1_280' title='bbox 199 3232 309 3284; x_wconf 89' lang='lat' dir='ltr'>domum</span> <span class='ocrx_word' id='word_1_281' title='bbox 329 3229 463 3282; x_wconf 81' lang='lat' dir='ltr'>habuerit.</span> <span class='ocrx_word' id='word_1_282' title='bbox 488 3247 542 3299; x_wconf 91' lang='lat' dir='ltr'>qua</span> <span class='ocrx_word' id='word_1_283' title='bbox 562 3230 596 3282; x_wconf 88' lang='lat' dir='ltr'>de</span> <span class='ocrx_word' id='word_1_284' title='bbox 620 3249 699 3284; x_wconf 85' lang='lat' dir='ltr'>causa</span> <span class='ocrx_word' id='word_1_285' title='bbox 726 3234 824 3285; x_wconf 84' lang='lat' dir='ltr'>lactum</span> <span class='ocrx_word' id='word_1_286' title='bbox 842 3235 878 3285; x_wconf 87' lang='lat' dir='ltr'>sit</span> <span class='ocrx_word' id='word_1_287' title='bbox 897 3244 927 3285; x_wconf 93' lang='lat' dir='ltr'>ut</span> <span class='ocrx_word' id='word_1_288' title='bbox 944 3236 1051 3284; x_wconf 85' lang='lat' dir='ltr'>tametsi</span> <span class='ocrx_word' id='word_1_289' title='bbox 1073 3235 1135 3287; x_wconf 88' lang='lat' dir='ltr'>aliis</span> <span class='ocrx_word' id='word_1_290' title='bbox 1154 3225 1256 3286; x_wconf 75' lang='lat' dir='ltr'>etiamin</span> <span class='ocrx_word' id='word_1_291' title='bbox 1314 3245 1315 3248; x_wconf 76' lang='grc'>’</span> 
     </span>
     <span class='ocr_line' id='line_1_34' title="bbox 199 3300 1256 3375; baseline -0.007 -21"><span class='ocrx_word' id='word_1_292' title='bbox 199 3304 266 3355; x_wconf 88' lang='lat' dir='ltr'>locis</span> <span class='ocrx_word' id='word_1_293' title='bbox 284 3303 431 3372; x_wconf 85' lang='lat' dir='ltr'>imperator</span> <span class='ocrx_word' id='word_1_294' title='bbox 453 3300 584 3364; x_wconf 81' lang='lat' dir='ltr'>divertat,</span> <span class='ocrx_word' id='word_1_295' title='bbox 607 3303 784 3355; x_wconf 87' lang='lat' dir='ltr'>nihilominus</span> <span class='ocrx_word' id='word_1_296' title='bbox 811 3303 956 3374; x_wconf 80' lang='lat' dir='ltr'>hospitium</span> <span class='ocrx_word' id='word_1_297' title='bbox 981 3307 1040 3356; x_wconf 83' lang='lat' dir='ltr'>eius</span> <span class='ocrx_word' id='word_1_298' title='bbox 1059 3307 1188 3375; x_wconf 86' lang='lat' dir='ltr'>palatium</span> <span class='ocrx_word' id='word_1_299' title='bbox 1205 3302 1256 3351; x_wconf 79' lang='lat' dir='ltr'>diu·</span> 
     </span>
    </p>

    <p class='ocr_par' dir='ltr' id='par_1_7' title="bbox 99 3371 1318 3587">
     <span class='ocr_line' id='line_1_35' title="bbox 99 3371 1318 3445; baseline -0.005 -16"><span class='ocrx_word' id='word_1_300' title='bbox 99 3414 105 3429; x_wconf 91' lang='lat'><strong>.</strong></span> <span class='ocrx_word' id='word_1_301' title='bbox 199 3383 251 3425; x_wconf 86' lang='lat' dir='ltr'>tur.</span> <span class='ocrx_word' id='word_1_302' title='bbox 276 3371 424 3426; x_wconf 81' lang='lat' dir='ltr'>secundum</span> <span class='ocrx_word' id='word_1_303' title='bbox 453 3371 627 3424; x_wconf 76' lang='lat' dir='ltr'>haecvixere</span> <span class='ocrx_word' id='word_1_304' title='bbox 651 3376 764 3438; x_wconf 68' lang='lat' dir='ltr'>honnus,</span> <span class='ocrx_word' id='word_1_305' title='bbox 790 3377 836 3445; x_wconf 93' lang='lat' dir='ltr'>qui</span> <span class='ocrx_word' id='word_1_306' title='bbox 869 3378 976 3426; x_wconf 81' lang='lat' dir='ltr'>Romam</span> <span class='ocrx_word' id='word_1_307' title='bbox 1002 3377 1140 3439; x_wconf 81' lang='lat' dir='ltr'>condidit,</span> <span class='ocrx_word' id='word_1_308' title='bbox 1158 3385 1183 3427; x_wconf 89' lang='lat' dir='ltr'>et</span> <span class='ocrx_word' id='word_1_309' title='bbox 1199 3374 1256 3444; x_wconf 62' lang='lat' dir='ltr'>sralfs</span> <span class='ocrx_word' id='word_1_310' title='bbox 1317 3371 1318 3380; x_wconf 72' lang='grc'>’</span> 
     </span>
     <span class='ocr_line' id='line_1_36' title="bbox 200 3436 1318 3514; baseline -0.002 -20"><span class='ocrx_word' id='word_1_311' title='bbox 200 3446 259 3497; x_wconf 80' lang='lat' dir='ltr'>eius</span> <span class='ocrx_word' id='word_1_312' title='bbox 280 3447 384 3498; x_wconf 80' lang='lat' dir='ltr'>Remus.</span> <span class='ocrx_word' id='word_1_313' title='bbox 405 3443 434 3495; x_wconf 87' lang='lat' dir='ltr'>hi</span> <span class='ocrx_word' id='word_1_314' title='bbox 453 3461 513 3497; x_wconf 87' lang='lat' dir='ltr'>curn</span> <span class='ocrx_word' id='word_1_315' title='bbox 532 3445 588 3494; x_wconf 90' lang='lat' dir='ltr'>lovi</span> <span class='ocrx_word' id='word_1_316' title='bbox 615 3446 746 3514; x_wconf 87' lang='lat' dir='ltr'>templum</span> <span class='ocrx_word' id='word_1_317' title='bbox 766 3448 971 3509; x_wconf 73' lang='lat' dir='ltr'>exstruxissent,</span> <span class='ocrx_word' id='word_1_318' title='bbox 991 3449 1015 3498; x_wconf 91' lang='lat' dir='ltr'>ei</span> <span class='ocrx_word' id='word_1_319' title='bbox 1034 3464 1135 3499; x_wconf 87' lang='lat' dir='ltr'>nomen</span> <span class='ocrx_word' id='word_1_320' title='bbox 1155 3436 1256 3512; x_wconf 73' lang='lat' dir='ltr'>Capitoll</span> <span class='ocrx_word' id='word_1_321' title='bbox 1316 3444 1318 3482; x_wconf 76' lang='lat' dir='ltr'>t</span> 
     </span>
     <span class='ocr_line' id='line_1_37' title="bbox 200 3512 1315 3587; baseline -0.001 -20"><span class='ocrx_word' id='word_1_322' title='bbox 200 3518 299 3567; x_wconf 79' lang='lat' dir='ltr'>Romae</span> <span class='ocrx_word' id='word_1_323' title='bbox 317 3516 469 3579; x_wconf 82' lang='lat' dir='ltr'>dederunt,</span> <span class='ocrx_word' id='word_1_324' title='bbox 498 3516 551 3567; x_wconf 88' lang='lat' dir='ltr'>hoc</span> <span class='ocrx_word' id='word_1_325' title='bbox 569 3523 609 3566; x_wconf 86' lang='lat' dir='ltr'>est</span> <span class='ocrx_word' id='word_1_326' title='bbox 625 3518 708 3567; x_wconf 91' lang='lat' dir='ltr'>totius</span> <span class='ocrx_word' id='word_1_327' title='bbox 729 3517 803 3569; x_wconf 88' lang='lat' dir='ltr'>urbis</span> <span class='ocrx_word' id='word_1_328' title='bbox 824 3518 918 3587; x_wconf 84' lang='lat' dir='ltr'>capitis</span> <span class='ocrx_word' id='word_1_329' title='bbox 938 3519 994 3568; x_wconf 86' lang='lat' dir='ltr'>sive</span> <span class='ocrx_word' id='word_1_330' title='bbox 1013 3519 1130 3583; x_wconf 76' lang='lat' dir='ltr'>verticis.</span> <span class='ocrx_word' id='word_1_331' title='bbox 1146 3516 1204 3568; x_wconf 89' lang='lat' dir='ltr'>inde</span> <span class='ocrx_word' id='word_1_332' title='bbox 1221 3512 1256 3561; x_wconf 52' lang='lat' dir='ltr'>lt</span> <span class='ocrx_word' id='word_1_333' title='bbox 1314 3577 1315 3580; x_wconf 9' lang='grc' dir='ltr'><strong><em>ρ</em></strong></span> 
     </span>
    </p>

    <p class='ocr_par' dir='ltr' id='par_1_8' title="bbox 169 3583 1255 3799">
     <span class='ocr_line' id='line_1_38' title="bbox 169 3583 1255 3656; baseline -0.002 -19"><span class='ocrx_word' id='word_1_334' title='bbox 169 3588 178 3594; x_wconf 87' lang='grc'><em>“</em></span> <span class='ocrx_word' id='word_1_335' title='bbox 199 3602 258 3638; x_wconf 88' lang='lat' dir='ltr'>mus</span> <span class='ocrx_word' id='word_1_336' title='bbox 275 3587 419 3641; x_wconf 85' lang='lat' dir='ltr'>interiecto</span> <span class='ocrx_word' id='word_1_337' title='bbox 436 3589 535 3649; x_wconf 85' lang='lat' dir='ltr'>Remo,</span> <span class='ocrx_word' id='word_1_338' title='bbox 564 3603 624 3638; x_wconf 89' lang='lat' dir='ltr'>cum</span> <span class='ocrx_word' id='word_1_339' title='bbox 651 3586 781 3656; x_wconf 88' lang='lat' dir='ltr'>populum</span> <span class='ocrx_word' id='word_1_340' title='bbox 805 3587 966 3640; x_wconf 84' lang='lat' dir='ltr'>seditionem</span> <span class='ocrx_word' id='word_1_341' title='bbox 992 3591 1129 3640; x_wconf 82' lang='lat' dir='ltr'>concitare</span> <span class='ocrx_word' id='word_1_342' title='bbox 1147 3583 1255 3640; x_wconf 66' lang='lat' dir='ltr'>ceraertlv</span> 
     </span>
     <span class='ocr_line' id='line_1_39' title="bbox 200 3652 1254 3729; baseline 0.001 -23"><span class='ocrx_word' id='word_1_343' title='bbox 200 3658 300 3726; x_wconf 88' lang='lat' dir='ltr'>primus</span> <span class='ocrx_word' id='word_1_344' title='bbox 318 3658 398 3710; x_wconf 90' lang='lat' dir='ltr'>ludos</span> <span class='ocrx_word' id='word_1_345' title='bbox 426 3667 564 3729; x_wconf 88' lang='lat' dir='ltr'>equestres</span> <span class='ocrx_word' id='word_1_346' title='bbox 589 3657 766 3708; x_wconf 87' lang='lat' dir='ltr'>inhonorem</span> <span class='ocrx_word' id='word_1_347' title='bbox 790 3652 854 3710; x_wconf 83' lang='lat' dir='ltr'>s‘olis</span> <span class='ocrx_word' id='word_1_348' title='bbox 879 3668 908 3710; x_wconf 89' lang='lat' dir='ltr'>et</span> <span class='ocrx_word' id='word_1_349' title='bbox 929 3668 1060 3728; x_wconf 86' lang='lat' dir='ltr'>quattuor</span> <span class='ocrx_word' id='word_1_350' title='bbox 1089 3659 1254 3711; x_wconf 73' lang='lat' dir='ltr'>elementornm</span> 
     </span>
     <span class='ocr_line' id='line_1_40' title="bbox 200 3723 1255 3799; baseline 0.001 -23"><span class='ocrx_word' id='word_1_351' title='bbox 200 3727 327 3780; x_wconf 84' lang='lat' dir='ltr'>instituit.</span> <span class='ocrx_word' id='word_1_352' title='bbox 348 3746 410 3780; x_wconf 84' lang='lat' dir='ltr'>eum</span> <span class='ocrx_word' id='word_1_353' title='bbox 438 3746 473 3780; x_wconf 86' lang='lat' dir='ltr'>ne</span> <span class='ocrx_word' id='word_1_354' title='bbox 499 3728 550 3780; x_wconf 89' lang='lat' dir='ltr'>hac</span> <span class='ocrx_word' id='word_1_355' title='bbox 568 3727 680 3798; x_wconf 85' lang='lat' dir='ltr'>quidem</span> <span class='ocrx_word' id='word_1_356' title='bbox 700 3731 804 3780; x_wconf 86' lang='lat' dir='ltr'>ratione</span> <span class='ocrx_word' id='word_1_357' title='bbox 828 3738 915 3781; x_wconf 87' lang='lat' dir='ltr'>motus</span> <span class='ocrx_word' id='word_1_358' title='bbox 936 3731 1033 3781; x_wconf 84' lang='lat' dir='ltr'>urbani</span> <span class='ocrx_word' id='word_1_359' title='bbox 1053 3730 1139 3782; x_wconf 87' lang='lat' dir='ltr'>sedari</span> <span class='ocrx_word' id='word_1_360' title='bbox 1158 3723 1255 3799; x_wconf 57' lang='lat' dir='ltr'>possetis</span> 
     </span>
    </p>

    <p class='ocr_par' dir='ltr' id='par_1_9' title="bbox 126 3792 1253 4083">
     <span class='ocr_line' id='line_1_41' title="bbox 126 3792 1253 3871; baseline -0.006 -23"><span class='ocrx_word' id='word_1_361' title='bbox 126 3817 135 3836; x_wconf 86' lang='lat'><strong>·</strong></span> <span class='ocrx_word' id='word_1_362' title='bbox 200 3806 391 3865; x_wconf 71' lang='lat' dir='ltr'>percunctatus</span> <span class='ocrx_word' id='word_1_363' title='bbox 416 3808 458 3851; x_wconf 85' lang='lat' dir='ltr'>est</span> <span class='ocrx_word' id='word_1_364' title='bbox 480 3800 620 3851; x_wconf 88' lang='lat' dir='ltr'>oraculum</span> <span class='ocrx_word' id='word_1_365' title='bbox 646 3816 779 3871; x_wconf 88' lang='lat' dir='ltr'>quaenam</span> <span class='ocrx_word' id='word_1_366' title='bbox 798 3799 893 3851; x_wconf 92' lang='lat' dir='ltr'>horum</span> <span class='ocrx_word' id='word_1_367' title='bbox 918 3802 1086 3853; x_wconf 87' lang='lat' dir='ltr'>tumultuum</span> <span class='ocrx_word' id='word_1_368' title='bbox 1107 3818 1181 3852; x_wconf 81' lang='lat' dir='ltr'>eausa</span> <span class='ocrx_word' id='word_1_369' title='bbox 1196 3792 1253 3846; x_wconf 76' lang='lat' dir='ltr'>tout</span> 
     </span>
     <span class='ocr_line' id='line_1_42' title="bbox 202 3864 1252 3936; baseline 0.003 -19"><span class='ocrx_word' id='word_1_370' title='bbox 202 3882 377 3936; x_wconf 89' lang='lat' dir='ltr'>responsum,</span> <span class='ocrx_word' id='word_1_371' title='bbox 406 3871 433 3920; x_wconf 88' lang='lat' dir='ltr'>ni</span> <span class='ocrx_word' id='word_1_372' title='bbox 462 3872 569 3923; x_wconf 80' lang='lat' dir='ltr'>fratrem</span> <span class='ocrx_word' id='word_1_373' title='bbox 599 3887 688 3922; x_wconf 88' lang='lat' dir='ltr'>secum</span> <span class='ocrx_word' id='word_1_374' title='bbox 709 3870 804 3922; x_wconf 85' lang='lat' dir='ltr'>eodem</span> <span class='ocrx_word' id='word_1_375' title='bbox 829 3871 898 3922; x_wconf 89' lang='lat' dir='ltr'>solio</span> <span class='ocrx_word' id='word_1_376' title='bbox 926 3871 1043 3935; x_wconf 83' lang='lat' dir='ltr'>locaret,</span> <span class='ocrx_word' id='word_1_377' title='bbox 1062 3871 1155 3924; x_wconf 84' lang='lat' dir='ltr'>urbem</span> <span class='ocrx_word' id='word_1_378' title='bbox 1170 3864 1252 3920; x_wconf 64' lang='grc' dir='ltr'>ιυίοῐῐλε</span> 
     </span>
     <span class='ocr_line' id='line_1_43' title="bbox 202 3939 1252 4013; baseline 0.003 -27"><span class='ocrx_word' id='word_1_379' title='bbox 202 3939 414 4007; x_wconf 80' lang='lat' dir='ltr'>conquieturam.</span> <span class='ocrx_word' id='word_1_380' title='bbox 432 3951 596 4011; x_wconf 84' lang='lat' dir='ltr'>quapropter</span> <span class='ocrx_word' id='word_1_381' title='bbox 611 3959 693 3994; x_wconf 88' lang='lat' dir='ltr'>aureo</span> <span class='ocrx_word' id='word_1_382' title='bbox 713 3942 802 3993; x_wconf 80' lang='lat' dir='ltr'>fratris</span> <span class='ocrx_word' id='word_1_383' title='bbox 819 3941 960 3994; x_wconf 80' lang='lat' dir='ltr'>simulacro</span> <span class='ocrx_word' id='word_1_384' title='bbox 979 3944 1064 4008; x_wconf 84' lang='lat' dir='ltr'>lacto,</span> <span class='ocrx_word' id='word_1_385' title='bbox 1084 3943 1113 3995; x_wconf 88' lang='lat' dir='ltr'>id</span> <span class='ocrx_word' id='word_1_386' title='bbox 1131 3944 1206 4013; x_wconf 88' lang='lat' dir='ltr'>ipsun</span> <span class='ocrx_word' id='word_1_387' title='bbox 1221 3941 1252 3980; x_wconf 63' lang='grc' dir='ltr'>’θ’</span> 
     </span>
     <span class='ocr_line' id='line_1_44' title="bbox 202 4009 929 4083; baseline 0.003 -23"><span class='ocrx_word' id='word_1_388' title='bbox 202 4009 240 4061; x_wconf 85' lang='grc' dir='ltr'>λίο</span> <span class='ocrx_word' id='word_1_389' title='bbox 262 4026 322 4074; x_wconf 87' lang='lat' dir='ltr'>suo,</span> <span class='ocrx_word' id='word_1_390' title='bbox 342 4011 449 4079; x_wconf 82' lang='lat' dir='ltr'>quoties</span> <span class='ocrx_word' id='word_1_391' title='bbox 468 4031 514 4080; x_wconf 89' lang='lat' dir='ltr'>pro</span> <span class='ocrx_word' id='word_1_392' title='bbox 535 4012 663 4064; x_wconf 82' lang='lat' dir='ltr'>tribunali</span> <span class='ocrx_word' id='word_1_393' title='bbox 682 4011 805 4074; x_wconf 79' lang='lat' dir='ltr'>sederet,</span> <span class='ocrx_word' id='word_1_394' title='bbox 821 4013 929 4083; x_wconf 85' lang='lat' dir='ltr'>recepit.</span> 
     </span>
    </p>
   </div>
   <div class='ocr_carea' id='block_1_4' title="bbox 0 0 1339 4792">
    <p class='ocr_par' dir='ltr' id='par_1_10' title="bbox 0 0 1339 4792">
     <span class='ocr_line' id='line_1_45' title="bbox 0 0 1339 4792; baseline 0 0"><span class='ocrx_word' id='word_1_395' title='bbox 0 0 1339 4792; x_wconf 95' lang='lat' dir='ltr'> </span> 
     </span>
    </p>
   </div>
  </div>
 </body>
</html>
