2708 4770
398 281 618 349 auuauuu‘
637 280 740 348 nans
764 286 817 347 ιτ.
888 362 891 367 ,
1052 256 1134 346 585

54 428 158 516 pail,
186 431 437 519 εδιτρεπὲστατον
465 431 524 520 την
554 424 630 517 duim
657 430 937 519 δπάρχοντα,·καδ
954 431 1040 502 οὗτοι
1060 462 1138 523 κρυ-

57 536 141 618 φίοις
161 535 245 620 adegi
275 535 471 616 ἐπεμίγνυτο.
520 536 573 618 ἐφ’
594 525 619 623 ᾧ
640 538 697 600 καί
713 535 934 618 κατεργάζεται
952 535 970 600 δ
988 535 1139 617 βασιλεῦς

55 630 116 695 cire
146 634 203 713 τῆς
235 634 397 714 βασιλίδος
424 632 479 699 τὸν
507 632 646 718 Μιχαάλ
677 635 722 710 είς
752 631 806 699 τάν
837 635 998 718 βασιλικὸν
1027 635 1138 720 θρόνον

55 727 256 815 σπευδούσης
276 733 454 814 ἀναγαγεῖν.
494 730 745 814 βραδυθανάτοις
765 734 801 796 δὲ
825 730 1005 818 φαρμάκοις
1027 745 1168 817 aucep-C

23 830 206 910 5γασθείς,
237 828 292 894 καί
309 827 425 914 χρόνον
448 828 564 913 συχνὸν
590 834 730 912 κείμενος
749 831 944 916 κλινοπετής,
966 829 1023 920 δλη
1045 837 1138 919 ψυχῇ

55 929 236 992 ἐπεκαλεῖτο
263 926 318 1010 ade
334 922 484 994 θάνατον.
537 927 614 995 κατά
645 933 681 995 δέ
699 954 735 1013 γε
762 928 821 1014 τήν
838 930 978 1016 μεγάλην
997 935 1139 1015 πέμπτην

54 1024 116 1101 τάς
150 1024 245 1110 ῥάγας
282 1030 344 1091 τῶν
386 1031 598 1112 συγκλητικῶν
626 1029 851 1112 ποιησάμενος,
885 1032 941 1094 καί
982 1025 1141 1113 ἐπιθυμή.

16 1169 20 1181 ·
50 1149 120 1201 σας
147 1124 326 1191 λούσασθαι
358 1126 438 1192 κατά
459 1125 494 1192 τά
517 1130 551 1193 ἐν
569 1131 615 1215 τῷ
633 1128 758 1216 μεγάλῳ
787 1128 927 1215 παλατίῳ
953 1134 1140 1212 βαλανεῖον,

56 1224 117 1287 καί
135 1223 289 1289 είσελθτάν
323 1228 452 1308 οἰκτρῶς
480 1224 685 1310 άτιοτινιγεται
715 1223 777 1291 ino*
797 1231 859 1292 τῶν
892 1228 966 1314 περὶ
994 1227 1050 1291 τὸν
1069 1231 1140 1294 Μι-

8 1350 50 1395 10
57 1320 146 1405 χαηλ
167 1325 201 1386 ἐν
220 1327 261 1408 τῇ
276 1320 481 1413 κολυμβήθρᾳ
504 1329 559 1389 τοῦ
579 1326 725 1408 λουτροῦ.
767 1324 847 1392 κατά
870 1323 986 1409 ταύτην
1005 1326 1064 1406 μὲν
1083 1316 1140 1389 οὖν

57 1419 119 1503 τήν
138 1422 233 1485 νάκτα
255 1420 407 1506 μηνύεται
421 1417 437 1486 ὅ
451 1420 651 1508 πατριάρχης
671 1425 806 1503 :atatam
825 1423 887 1489 δτιό
909 1429 965 1488 τοῦ
985 1428 1141 1507 βασιλέως

57 1521 158 1603 δῆθεν
173 1520 346 1602 Ῥωμανοῦ.
387 1508 455 1585 ἀλλ’
474 1517 711 1607 δπατριάρχης
732 1521 837 1593 &tadu
858 1522 956 1588 ου’τάν
974 1526 1034 1604 μὲν
1054 1519 1141 1607 εδρί-

55 1641 130 1683 σκει
148 1618 267 1702 νεκράν,
287 1616 306 1706 ἡ
327 1623 362 1685 δὲ
384 1624 509 1702 βασιλὶς
529 1617 605 1704 Zur}
627 1624 661 1686 ἑν
682 1624 725 1706 τῷ
739 1626 999 1710 χρυσοτρικλινίηι
1023 1645 1142 1705 προκα-

57 1721 184 1782 θίσασα
204 1714 307 1800 ἐξάγει
329 1719 388 1784 τὸν
404 1717 557 1802 Μιχαάλ,
585 1720 640 1783 καί
662 1720 890 1803 καταναγκάζει
908 1720 962 1784 τάν
986 1719 1173 1804 πατριάρ-ρ)

0 1861 8 1872 .
28 1821 50 1886 5
56 1842 123 1902 χην
142 1813 339 1901 ἱερολογῆσαι
356 1821 466 1883 τοῦτον
490 1818 584 1905 οὔτῇ.
615 1817 632 1882 δ
654 1821 690 1886 δὲ
709 1817 906 1903 πατριάρχης
925 1818 981 1883 riui
997 1823 1040 1908 τῷ
1060 1818 1142 1899 πρά·

56 1940 156 2001 γματι
181 1916 342 1999 ἐκπλαγείς
360 1915 416 2001 την
435 1915 629 2001 ἱερολογίαν,
651 1917 693 1992 εδς
714 1919 805 1999 εἰκάς,
837 1920 1020 1996 ἐνεδοίαζεν.
1037 1915 1140 1981 Ιἔνθεν

55 2038 109 2082 τοι
131 2013 186 2078 καί
216 2011 233 2078 δ
258 2015 399 2100 Ἰωάννης
427 2017 488 2081 σάν
520 2020 559 2103 τῇ
579 2017 656 2103 Ζωῇ
685 2017 709 2080 ν’
736 2020 794 2097 μὲν
823 2018 948 2100 χρυσοῦ
968 2019 1074 2100 λίτρας
1095 2019 1140 2105 rigi

56 2114 243 2200 πατριάρχη
262 2110 286 2178 ν’
316 2117 351 2179 δὲ
371 2113 488 2196 ὁμοίως
507 2119 551 2201 τῷ
570 2115 674 2203 κλήρῳ
696 2113 824 2189 ἐπιδοδς
843 2114 947 2178 ἔπεισε
968 2113 1141 2197 ὶερολογίας

57 2215 196 2288 atroam
221 2210 344 2288 ου’τοάς.
366 2215 421 2277 κατ’
440 2213 456 2279 δ
482 2217 539 2296 μὲν
553 2213 712 2296 Ῥοιμανάς
734 2217 768 2278 ἐν
786 2216 825 2302 τῇ
838 2213 891 2277 ὑπ’
907 2214 1010 2278 adreci
1031 2232 1141 2296 νεουρ.
1168 2208 1171 2212 ’

3 2334 49 2381 20
57 2315 194 2398 γηθείση
218 2314 365 2402 ἐκκλησίηι
385 2310 541 2378 θάπτεται
560 2318 617 2397 τῆς
637 2315 856 2397 περιβλέπτου.

146 2414 271 2496 Κρατιῑ
288 2414 324 2478 di
343 2411 360 2476 d
382 2410 599 2499 Μιχαάλ-σάν
619 2415 659 2502 τῇ
679 2415 757 2502 Ζανῇ
782 2409 835 2499 ἔτη
856 2408 906 2492 ζμ
937 2415 1006 2478 άλλ’
1027 2410 1048 2498 ἦ
1067 2409 1140 2495 zat,

59 2757 97 2808 de
116 2768 170 2825 quo
189 2755 323 2820 diximus,
341 2771 397 2808 uon
415 2758 473 2809 sine
490 2760 588 2811 amoris
609 2758 762 2811 adfectione
781 2757 874 2809 oculos
894 2755 1027 2807 coniicere
1046 2754 1143 2823 coepit,

59 2825 139 2897 quod
157 2836 227 2878 esset
247 2828 269 2878 is
289 2827 359 2879 facie
372 2831 559 2881 venustissima
578 2830 725 2899 praeditae,
744 2844 857 2897 cumque
872 2825 1065 2878 clandestinam
1083 2842 1143 2875 com

53 2915 96 2949 co
114 2897 337 2948 consuetudinem
361 2898 517 2963 habuisset,
547 2916 655 2970 operam
684 2899 760 2951 dedit
785 2907 816 2950 ut
838 2900 983 2966 imperator
1009 2912 1023 2946 e
1052 2894 1142 2947 medio

57 2968 215 3032 tolleretur,
233 2968 261 3019 in
280 2968 330 3020 boc
343 2971 428 3020 solum
447 2971 560 3035 intenta,
576 2981 605 3023 ut
616 2971 778 3023 llichaelum
792 2968 826 3020 ad
838 2967 1035 3037 imperatoriam
1054 2965 1143 3033 ‹tigni-

58 3047 148 3091 tatem
169 3039 301 3090 eveheret.
339 3041 472 3092 Romanus
490 3043 599 3093 venenis
619 3043 722 3093 lentum
741 3041 853 3091 exitium
875 3036 1060 3089 adserentibus
1078 3051 1158 3087 con-‘

56 3109 158 3172 sectus,
177 3109 224 3159 nbi
242 3108 369 3161 diuturno
386 3118 506 3180 tempore
519 3115 547 3163 in
566 3114 666 3164 lectulo
685 3111 875 3171 decubuisset,
893 3117 953 3160 toto
971 3117 1083 3176 pectore
1100 3107 1144 3156 ui·

55 3179 103 3230 -bil
123 3178 267 3247 expetebat
281 3179 354 3230 aliud
369 3198 447 3250 quam
461 3190 491 3232 ut
506 3182 618 3234 hacvita
632 3184 794 3251 iungeretur.
812 3180 930 3248 denique
942 3195 1037 3246 magna
1049 3177 1144 3247 quinta

58 3251 132 3303 seria
151 3250 299 3301 distributis
319 3252 347 3301 in
366 3261 455 3320 patres
474 3254 639 3309 conscriptos
656 3252 826 3313 muneribus,
845 3267 912 3320 quas
931 3266 1007 3316 rogas
1026 3257 1143 3309 vocant,

59 3338 123 3373 cum
142 3321 229 3389 magni
249 3321 346 3373 Palatii
372 3323 498 3374 balneum
528 3317 636 3375 lavandi
660 3340 740 3375 causa
763 3324 898 3390 ingressus
923 3321 1036 3381 fuisset,
1056 3336 1070 3368 a
1091 3318 1143 3366 Mi-

59 3390 150 3442 cbaeli
178 3393 257 3442 sociis
271 3393 313 3442 ·in
332 3391 423 3443 balnei
452 3394 526 3445 labro
552 3395 744 3446 miserabiliter
768 3397 919 3444 autlocatur.
952 3390 1046 3441 eadem
1064 3396 1144 3438 aucte

58 3462 173 3514 Alexim
191 3463 341 3530 patriarcha
359 3465 469 3514 Romani
490 3466 658 3533 imperatorio
684 3463 794 3517 nomine
813 3464 841 3514 iu
867 3463 965 3529 regiam
984 3459 1143 3520 arcessitur,

59 3549 145 3602 quma
164 3532 297 3600 ingressus
316 3534 502 3602 imperatorem
529 3539 676 3587 extinctum
697 3535 817 3586 invenit:
838 3534 888 3584 Zoe
907 3548 970 3581 vero
989 3529 1145 3598 imperatrix

60 3604 92 3654 in
113 3619 194 3653 uitreo
215 3603 331 3654 triclinio
355 3604 452 3656 sedens
470 3606 632 3657 Michaelum
660 3607 802 3677 producit,
820 3611 848 3653 et
864 3600 1040 3671 patriarcham
1060 3597 1146 3664 adigit

58 3681 94 3725 ut
111 3689 172 3723 ecam
198 3672 249 3724 sibi
266 3675 390 3726 maritum
416 3677 495 3727 sacris
524 3676 648 3745 precibus
675 3676 812 3744 conceptis
838 3674 969 3740 iungeret.
993 3668 1144 3742 patriarcba

58 3746 103 3795 rei
118 3745 239 3796 novitate
257 3746 404 3813 perculsus,
421 3763 543 3797 sacraene
558 3764 650 3816 preces
669 3749 729 3798 illas
751 3747 791 3796 eia
808 3744 999 3813 impertiretur,
1020 3758 1075 3791 non
1097 3739 1144 3791 aba

59 3830 91 3866 re
114 3813 264 3866 dubitabat.
292 3827 458 3885 quapropter
481 3816 615 3868 lohannes
642 3827 670 3870 ct
689 3820 740 3868 Zoe
763 3816 958 3885 quinquaginta
982 3811 1059 3862 libris
1086 3811 1144 3861 suri

57 3885 233 3957 patriarchae
250 3885 419 3956 totidemque
443 3888 514 3939 clero
534 3887 641 3940 donatis
671 3894 862 3956 persuaserunt
880 3883 984 3934 bomini
1002 3891 1033 3933 ut
1053 3883 1145 3931 matri-

57 3955 184 4009 monium
203 3957 320 4076 ipsorum
341 3966 516 4010 consecraret.
551 3960 686 4011 Romanus
706 3960 736 4010 in
762 3954 885 4009 dedicata
903 3955 936 4006 ab
953 3971 982 4005 se
1002 3952 1145 4022 spectatis-

57 4027 146 4080 simae
163 4028 275 4082 eccesia
294 4028 432 4094 sepelitur.

135 4096 199 4147 Eius
218 4097 277 4149 loco
295 4096 444 4150 Miclaaelds
464 4100 596 4170 imperare
614 4099 705 4168 caepit
725 4113 784 4149 cum
803 4098 915 4162 coniuge
933 4097 984 4148 Zoe
1005 4094 1082 4158 anuis
1103 4108 1146 4142 ιε-

58 4172 157 4240 ptem,
174 4183 244 4238 quae
270 4185 331 4221 cum
349 4186 378 4222 se
394 4169 531 4227 Michaelo
548 4169 676 4240 mancipii
703 4167 763 4223 loco
782 4175 903 4246 speraret
919 4181 1045 4231 rasurum,
1067 4164 1146 4216 insti-
1220 4238 1224 4244 ,
