2766 4800
199 268 253 325 20
528 252 746 319 incitet-:Lis
775 251 939 319 GLYCAE

196 419 253 486 τοῦ
274 415 367 500 ἡλίου
383 405 477 498 ὁλκῇ,
497 409 897 489 κάντεῦθενιιυκνουμένου
916 409 975 473 τοῦ
996 406 1100 493 άέρος,
1120 406 1212 473 sistes*
1232 432 1295 474 κα-

195 516 427 601 ταρρήγνυνιαι
454 507 560 592 χιόνες
589 531 625 571 τε
646 510 701 571 καί
727 505 887 590 χάλαζαι,
916 509 972 571 καί
998 504 1059 572 door
1100 512 1155 592 τῆς
1186 507 1296 594 ὑγράς

196 616 336 697 disciplet
356 614 481 698 φάσεως
498 609 619 697 έγγονα.
662 606 718 670 καί
743 605 819 689 περὶ
836 609 896 686 μὲν
915 605 1035 671 τούτων
1054 602 1166 683 οὕτως.

282 707 362 777 Οἶδα
395 711 448 791 δέ,
477 708 638 791 άγααητέ,
673 700 724 769 ὅτι
746 708 822 770 καθ’
839 702 980 789 ἱστορίαν
1001 706 1223 795 έιιελθοῦσοιῆ
1248 705 1293 793 ori

198 807 395 900 prespeteris
415 805 455 872 τοὶ
476 804 564 890 παρά
582 807 731 880 Μωσέως
751 807 912 891 γραφέντα
932 807 1059 887 περίτι
1083 807 1142 868 τοῦ
1163 805 1327 889 τιριάτοαό

198 912 337 995 ου’ρανοῦ
369 910 498 990 περίτι
524 908 584 970 τοῦ
616 907 785 988 δευτέρου,
821 900 1037 988 στερεάματος
1066 906 1205 989 δηλαδή,
1238 909 1297 972 καί

164 1013 272 1094 caepi
304 1011 368 1073 τῶν
398 1008 675 1088 ἐναπειλημμένων
705 1003 830 1069 άάάτων
855 1006 953 1084 μέσον
978 1005 1043 1069 τοῖν
1076 999 1135 1068 δύο
1166 1003 1295 1070 τούτων

196 1112 341 1194 οὐρανῶν
348 1156 359 1189 ,
379 1106 574 1188 έκλαβέσθαι
597 1100 636 1169 τά
658 1106 791 1168 τοιαῦτα
811 1105 867 1168 καί
885 1099 965 1166 κατά
990 1101 1155 1188 άναγοογην
1179 1105 1294 1187 εἰιιζη-

192 1217 251 1274 τεῖ.
304 1203 406 1292 ταύτῃ
435 1226 484 1269 τοι
511 1205 567 1267 καί
595 1201 648 1267 τὸν
676 1205 823 1286 Σιναΐτην
855 1203 926 1267 ἰδοὺ
955 1203 1088 1287 παράγω
1118 1225 1171 1267 σοι
1199 1208 1295 1268 θεῖον

191 1303 426 1374 Ἀναστάσιον·
468 1297 485 1368 ὃ
504 1300 566 1387 γάρ
584 1307 672 1379 θεῖος
693 1294 786 1376 οὗτος
807 1300 886 1386 α’νηρ
911 1299 1128 1376 ἄκου’σαςτοῦ
1147 1303 1293 1384 μεγάλου
1310 1328 1346 1368 ιο

196 1406 335 1472 Παύλου
363 1406 502 1485 λέγοντος
534 1397 582 1467 ὅτι
602 1399 705 1467 πάντα
738 1401 785 1475 εἷς
804 1399 950 1487 Χριστόν
970 1400 1230 1484 προτετύηοιται,
1252 1401 1295 1467 τά

199 1507 233 1570 ἐν
255 1503 384 1591 οάρανηῖ
405 1499 461 1566 καί
478 1502 519 1565 τά
540 1500 594 1566 sni
612 1503 667 1585 τῆς
686 1503 752 1584 γῆς,
775 1497 886 1565 τούτου
905 1500 1003 1585 χάριν
1016 1495 1230 1584 άλληγορικοῖς
1252 1499 1295 1567 τά

200 1603 297 1666 πλείω
315 1603 369 1686 τῆς
389 1603 529 1674 παλαιάς
555 1600 725 1682 έξελάβετο.
767 1597 823 1663 ιιαέ
852 1592 948 1662 drove
978 1599 1013 1664 sl
1032 1623 1113 1685 φησι
1133 1601 1207 1684 περὶ
1227 1603 1297 1665 τῶν

197 1704 342 1786 ου’ρανῶν
376 1703 457 1775 τέως
483 1699 597 1763 ου’τῶν.
639 1698 680 1781 ,ἦ
709 1700 768 1762 τοῦ
789 1693 949 1782 οἷνωτέρου
970 1699 1111 1782 ου’ροινοῦ
1131 1696 1296 1786 άκατάλη·

196 1824 274 1876 τιτος
293 1796 392 1886 φάσις
414 1797 497 1880 ripsos*
516 1800 605 1861 δοκεῖ
620 1798 718 1864 τύιιον
747 1798 874 1880 ἐπέχειν
895 1800 951 1881 τῆς
975 1793 1114 1882 ἀοράτου
1136 1795 1193 1863 κατ’
1212 1798 1297 1864 άιια·
1310 1801 1348 1863 15

194 1896 351 1984 ταληιιτου
370 1895 466 1981 λόγου
484 1892 653 1981 θεότητος,
671 1895 707 1962 τά
731 1900 767 1962 δὲ
790 1899 953 1981 στερέωμα
974 1896 1008 1961 τό
1031 1897 1176 1961 κάτωθεν
1199 1898 1296 1963 dvct-

105 1995 107 1998 ’
161 1998 255 2064 neti
275 1997 371 2064 τάιιον
391 2000 517 2080 ἐπέχειν
548 2000 603 2081 τῆς
625 2000 685 2063 τοῦ
705 2001 853 2082 Χριστοῦ
874 1992 1120 2080 α’νθρωιιάτητος
1138 1994 1181 2081 ἢνΙ
1197 1993 1297 2079 ἔλαβι

196 2097 349 2164 κάτωθεν.
399 2095 436 2162 sd
471 2099 506 2161 di
525 2092 614 2182 {ideoq
635 2095 671 2160 τὸ
694 2098 882 2178 μέσονιτοῖν
906 2094 963 2157 δύο
984 2096 1226 2181 ἐμπεριληφθέν
1248 2100 1297 2162 εἰ·

197 2200 274 2263 κόνοι
300 2192 474 2281 διαγράφει
500 2199 556 2277 τῆς
587 2194 750 2278 άχράντου
785 2193 887 2257 αὐτοῦ
920 2197 1029 2277 ψυχῆς
1061 2193 1297 2281 μεσιτευοάσης

194 2293 319 2379 θεότητι
351 2293 405 2357 udi
426 2290 544 2376 σαρκὸς
572 2291 745 2375 παχύτητι.
786 2288 848 2375 ὅρα
867 2289 928 2375 γάρ
949 2288 997 2355 ὅτι
1017 2292 1034 2355 ὁ
1054 2297 1115 2378 μέν
1136 2294 1348 2378 α’νοέτεροςςο

197 2392 331 2482 ου’ροινὸς
354 2391 452 2480 φάσει
476 2393 533 2457 siss’
555 2389 659 2478 ἀρχῆς
677 2388 815 2479 ου’ρανός
835 2389 974 2478 ἐκλήθη,
995 2390 1080 2458 καθά
1101 2394 1158 2458 καί
1177 2389 1194 2456 ὃ
1213 2394 1296 2473 θεὸς

200 2666 228 2718 in
247 2663 363 2717 sublime
390 2663 526 2718 tolluntur
548 2671 576 2717 et
594 2669 642 2718 aer
665 2662 729 2717 inde
749 2663 895 2728 densetur,
922 2663 1032 2734 pluviae
1049 2665 1126 2718 nives
1143 2664 1293 2734 grandines

199 2737 308 2806 alioque
326 2737 406 2798 talia,
433 2736 468 2788 de
496 2735 656 2787 humoribus
682 2737 810 2787 nimirum
835 2744 911 2800 ortu,
941 2735 1116 2789 delabuntur.
1143 2737 1294 2792 sedebis

198 2808 310 2879 quidem
331 2809 360 2858 in
380 2807 452 2859 hunc
470 2806 581 2857 modum
602 2806 741 2858 hactenus.

268 2878 329 2930 Non
360 2877 457 2929 dubito
485 2885 591 2940 sutem,
615 2876 715 2929 dilecte
742 2877 796 2941 fili,
821 2885 849 2930 te
874 2885 1052 2947 posteaquam
1074 2895 1147 2929 nunc
1170 2895 1186 2928 a
1210 2878 1294 2932 Mose

199 2951 351 3019 conscripta
371 2957 430 2999 tum
449 2947 483 2998 de
497 2948 573 2999 coelo
591 2949 679 3018 primo
697 2957 754 2999 tum
772 2948 806 2998 de
828 2949 922 3011 altero,
938 2949 1065 3000 nimirum
1083 2948 1117 2999 de
1136 2949 1295 3002 firmamen-

199 3029 228 3072 to
261 3028 290 3070 et
317 3017 519 3087 comprehensis
548 3020 619 3070 inter
644 3019 727 3070 hosce
753 3017 822 3070 duos
855 3020 956 3070 coelos>
983 3021 1076 3088 equis,
1111 3022 1294 3088 percurreris,

200 3091 328 3151 omuino,
347 3105 417 3158 quae
444 3096 493 3139 tua
512 3089 644 3141 sedulitas
665 3097 706 3141 est
731 3088 908 3160 discendique
924 3090 1059 3155 studium,
1079 3092 1125 3161 qui
1145 3090 1294 3143 sublimius

201 3159 332 3230 quiddam
359 3176 392 3211 ex
413 3158 455 3210 his
482 3160 546 3210 elici
564 3161 652 3229 possit
668 3160 868 3229 indagatorum.
894 3176 925 3211 eo
943 3160 977 3212 de
997 3177 1077 3213 ceusu
1096 3161 1149 3213 tibi
1167 3161 1296 3214 divinum

200 3230 351 3293 hominem,
371 3231 543 3282 Anastasium
565 3232 645 3282 iilum
663 3231 785 3284 Sinaiten
812 3231 940 3301 profero,
965 3233 1014 3302 qui
1032 3250 1092 3283 cuns
1111 3248 1144 3283 ex
1158 3231 1242 3283 Paulo
1264 3233 1291 3317 (s

200 3302 237 3352 ad
257 3302 317 3352 Cor.
341 3317 370 3351 ro
384 3303 412 3370 6)
430 3302 578 3371 accepisset
596 3318 688 3354 omnes
709 3319 749 3353 res
768 3311 822 3353 turn
842 3303 974 3354 coelestes
992 3298 1073 3372 quem
1091 3311 1232 3354 terrestres
1254 3319 1296 3354 εισ

201 3374 285 3424 factus
303 3387 361 3423 esse
379 3379 410 3422 ut
423 3371 523 3424 Christi
540 3373 636 3441 figuras
657 3381 685 3424 et
696 3375 826 3442 imagines
845 3372 974 3442 quasdem
994 3381 1213 3444 repraesentent,
1230 3374 1297 3443 pie-

202 3460 287 3513 rsque
303 3442 394 3563 prisco
413 3442 442 3492 in
462 3442 573 3494 foedere
592 3444 742 3513 perscripta
763 3461 844 3495 sensu
861 3444 1007 3512 allegorico
1027 3454 1069 3497 est
1089 3446 1296 3513 interpretatus.

203 3530 301 3585 quomo
323 3530 379 3564 rem
400 3511 464 3563 audi
483 3513 550 3582 quid
569 3514 603 3565 de
625 3515 708 3566 coelis
729 3515 804 3566 hisce
824 3513 930 3566 duobus
949 3515 1048 3567 tradat.
1065 3516 1227 3584 superioris,
1249 3515 1296 3566 in-

224 3586 277 3647 uit,
296 3583 366 3635 coeli
384 3591 479 3634 natura
489 3586 568 3635 nobis
580 3585 831 3654 incomprehensilis
840 3587 979 3636 continere
996 3586 1064 3636 mihi
1076 3587 1189 3654 figuram
1204 3602 1297 3655 quau·

204 3602 266 3706 dom
276 3653 500 3723 inadspectsbilis
510 3655 584 3706 iilius
598 3665 626 3707 et
638 3656 888 3727 incomprehensilis
908 3655 1059 3708 divinitatis
1068 3656 1184 3720 videtur,
1197 3673 1297 3725 quem-

204 3724 350 3776 admodum
377 3725 574 3777 firmamentum
602 3726 716 3778 inferius
734 3728 866 3779 humanae
892 3726 922 3777 iu
940 3725 1047 3778 Christo
1063 3736 1178 3779 naturae
1197 3727 1298 3779 simili-

207 3796 330 3848 tudinem
358 3795 457 3859 habet,
481 3814 562 3866 quum
592 3797 641 3848 ille
668 3798 702 3849 de
721 3797 788 3850 locis
815 3797 909 3848 inseris
928 3795 1073 3863 adsumsit3
1100 3815 1159 3849 cum
1180 3797 1297 3850 interim

207 3884 279 3937 sque
297 3866 346 3917 illu
364 3866 478 3918 duorum
491 3868 629 3919 coelorum
643 3870 672 3920 in
688 3869 777 3921 medio
792 3865 987 3936 comprehensu
1002 3867 1081 3919 nobis
1098 3869 1214 3920 unimam
1234 3870 1297 3921 eius

206 3939 293 3989 omnis
319 3937 401 4007 plane
427 3937 497 3991 labis
524 3948 663 4008 expertem
692 3946 958 4010 repraesentet,qua
975 3938 1096 3989 medium
1114 3940 1192 4008 quusi
1212 3940 1298 4007 quid-

206 4007 268 4060 dam
292 4015 335 4072 est
360 4008 432 4059 iuter
454 4008 623 4063 divinitatem
649 4019 677 4063 et
703 4012 791 4062 carnis
818 4007 976 4059 crassitiem.
995 4025 1057 4061 ecce
1075 4011 1167 4072 euim,
1186 4011 1298 4062 coetum

204 4079 277 4130 iliud
292 4079 416 4147 superius
433 4081 569 4151 principio
588 4083 694 4134 coelum
719 4079 887 4150 appellatum
909 4087 966 4142 est,
986 4087 1015 4131 et
1032 4078 1143 4150 quidem
1159 4081 1298 4131 naturali.

204 4158 265 4214 ter,
283 4148 511 4221 quemadmodum
531 4154 612 4206 etium
627 4152 695 4205 deus
714 4152 762 4204 ills
778 4166 866 4204 sermo
883 4147 919 4201 sb
944 4149 1025 4204 initio
1043 4150 1111 4205 deus
1131 4158 1182 4204 est.
1199 4159 1229 4204 st
1247 4151 1298 4205 fir-
