2766 4800
231 247 286 348 ii
563 270 779 337 ntentans
809 264 976 335 euicto

227 412 378 512 γενέσεώς
390 423 488 507 λόγος.
509 423 645 512 ου’δεμιηῖ
665 419 724 506 γάρ
751 419 870 510 ἀνάγκη
889 417 928 486 τά
941 421 1019 484 καθ’
1036 415 1122 501 ήμάς
1140 413 1320 499 ἀπόκειται,

227 525 389 609 τετίμηται
420 524 457 587 δὲ
484 523 604 605 μάλλον
624 520 839 606 προαιρέσεως
858 520 1025 604 ἐλευθερίη
1046 513 1103 580 καὶ
1116 516 1321 592 αάτεξουσιό-

226 647 309 709 τητι.
353 622 385 687 εἶ
402 618 463 706 γάρ
485 617 530 705 μή
553 618 756 699 αάτεξοάσιος
776 617 793 683 o‘
815 615 1002 703 ἄνθρωπος,
1023 617 1100 680 estet
1120 619 1189 680 κατ’
1210 611 1320 680 εἰκόνα

226 726 306 796 θεοῦ
326 721 475 807 παρήχθη
497 718 622 787 λοιπόν·
663 723 730 797 παῖς
749 723 805 785 καί
827 717 888 803 γάρ
909 717 1001 784 εἰκών
1021 711 1061 782 ἀν
1081 714 1129 802 εἴη
1148 719 1203 800 τῆς
1223 720 1321 798 βασι-

226 821 527 908 λευοάσηςφάσεοις,
546 824 615 885 κατ’
634 820 735 886 έκεῖνο
758 815 792 884 τδ
809 822 906 903 μέρος
926 814 1095 902 ἀνισότητα
1116 817 1224 902 φέρων
1237 813 1347 898 πρδς5

224 920 259 987 τὸ
282 923 460 1007 ἀρχέτυπον
468 947 480 1002 ,·
513 917 628 1005 ἔπρεπε
663 917 722 1004 γάρ
761 917 797 984 τὸ
829 917 883 983 διὰ
917 913 1044 982 πάντων
1071 914 1149 1001 πρὸς
1167 913 1203 981 εδ
1227 919 1320 980 θεῖον

227 1022 454 1104 ὡμοιωμένον,
477 1018 520 1096 ὥς
539 1017 557 1085 δ
578 1016 711 1103 Νάσσης
730 1017 828 1107 φησί,
858 1019 893 1083 ἐν
913 1018 952 1105 τῇ
973 1013 1071 1105 φάσει
1089 1018 1263 1106 κεκτήσθριι
1279 1012 1317 1080 τδ

198 1122 415 1205 οαάτοκρατὲς
435 1121 491 1184 καί
507 1121 690 1184 ἀδέσποτον.
741 1120 896 1185 δέδεικται
917 1109 974 1184 σάν
993 1119 1028 1183 ἐκ
1049 1119 1171 1188 πολλῶν
1191 1110 1244 1180 δτι
1263 1137 1319 1198 γε.

225 1223 341 1296 νέσεοις
359 1220 479 1306 ἀνάγκη
501 1216 582 1284 κατά
604 1215 663 1303 τήν
690 1219 753 1285 τῶν
774 1215 926 1284 πλειόνων
944 1213 1106 1303 ἀπόληψιν
1129 1217 1169 1280 οδ
1188 1216 1320 1298 δεδέμε-

225 1326 293 1387 θα·
334 1320 373 1384 ori
397 1317 459 1406 γάρ
485 1320 574 1385 τοῦτο
594 1310 650 1403 ἦν,
680 1320 710 1384 εἰ
726 1317 771 1405 μή
793 1317 874 1384 κατά
903 1317 1031 1403 γνάμην
1053 1319 1130 1403 ἡμῖν
1150 1314 1191 1381 τά
1214 1341 1364 1402 πρατ·ιο

224 1419 341 1502 τόμενοι
370 1417 563 1504 πράττεται,·
599 1423 669 1484 κατ’
690 1421 784 1486 οάδὲν
801 1411 841 1484 ἀν
860 1417 952 1503 ἡμεῖς
970 1418 1000 1482 οἱ
1020 1412 1101 1505 λόγῳ
1119 1418 1320 1501 τετιμημένοι

224 1522 287 1585 τάν
308 1516 428 1603 ἀλάγων
451 1514 541 1597 ζάων
560 1517 803 1603 διενηνόχαμεν·
854 1522 918 1584 τάν
936 1512 1168 1602 γάρτοιοάτουν
1189 1518 1263 1582 έστί
1282 1515 1319 1583 τδ

226 1619 380 1706 ἀλλοτρίῳ
399 1615 579 1701 βουλήματι
601 1619 680 1705 πρδς
700 1617 734 1684 τὸ
765 1621 879 1684 δοκοῦν
898 1615 1117 1703 περιάγεσθαι.
1159 1611 1179 1701 ή
1204 1617 1243 1681 δὲ
1264 1622 1320 1681 λο-

225 1715 296 1802 γική
318 1741 352 1784 τε
382 1716 687 1804 sollemnissime,
724 1716 835 1783 ἐάντέ
871 1722 940 1783 κατ’
970 1719 1115 1795 ἐξουσίαν
1135 1714 1319 1802 ἀπόθηται,

226 1820 282 1882 καί
303 1815 361 1903 τήν
380 1816 478 1900 χάριν
497 1821 554 1881 τοῦ
570 1819 683 1899 νοεροά
704 1817 943 1883 συναπώλεσεν·
966 1818 1011 1893 εἰς
1026 1819 1062 1882 τί
1078 1819 1133 1882 καί
1151 1815 1212 1901 γάρ
1236 1814 1363 1902 zeti-15

225 1941 315 1982 σεται
337 1918 376 2005 τῇ
388 1919 519 2006 διανοίη,
541 1920 581 2004 τῇ
598 1919 652 2000 τῆς
672 1914 863 2002 εἱμαρμένης
883 1917 1002 2004 ἀνάγκη
1027 1918 1238 2000 περιαγομένη
1259 1915 1320 1979 κά.

225 2021 332 2082 κεῖθεν
364 2019 419 2082 έπί
445 2014 484 2104 τά
518 2018 659 2101 πρακτέα
679 2019 930 2103 πορωδουμένης
951 2016 1007 2081 καί
1023 2019 1123 2081 ταῦτα
1143 2019 1204 2097 μὲν
1225 2015 1265 2102 δή
1287 2019 1321 2092 ές

223 2117 384 2185 τοσοῦτον.

307 2215 353 2282 nt
375 2219 428 2298 δέ,
444 2217 605 2301 ἀγαπητά,
631 2215 743 2282 εἵπου
763 2219 819 2282 καί
845 2219 966 2304 βρέφος
985 2207 1062 2299 ὄψει
1085 2219 1162 2282 ποτὲ
1183 2239 1321 2284 σεσινον·

191 2339 215 2391 1)
222 2319 316 2399 μένον
339 2319 484 2380 ἐκπῖπτον
506 2319 562 2400 τῆς
579 2316 715 2402 μήτρας,
735 2319 767 2382 εἰ
783 2314 865 2405 τάχη
895 2319 1066 2403 δικέφαλον
1089 2310 1111 2401 ἦ
1130 2318 1318 2401 τετράπουν,
1326 2339 1366 2382 ao

224 2416 267 2492 ὥς
291 2418 345 2482 ἐπὶ
358 2417 545 2499 Μαυρικέου
558 2416 726 2498 βασιλέως,
747 2412 792 2501 μή
815 2412 975 2500 σχήμασιν
996 2417 1138 2502 ἀστέρων
1158 2407 1217 2481 oris
1237 2418 1324 2501 ἀγυι·’

225 2517 295 2589 θοῖς
315 2512 355 2580 τά
382 2517 516 2580 τοιαῦτα
538 2510 787 2583 διαπλάττεσθαι
813 2514 943 2598 νόμιζε,
964 2513 1110 2603 καθάπερ
1133 2515 1221 2595 ἔδοξέ
1242 2540 1319 2586 ποτε

227 2803 322 2854 oratio.
341 2818 397 2855 non
417 2802 489 2855 enim
508 2803 633 2854 homines
651 2801 703 2854 ulli
720 2802 878 2867 necessitati
895 2800 1010 2853 subiecti
1029 2817 1136 2865 summ,
1153 2800 1202 2853 sed
1220 2802 1320 2872 potius

227 2873 368 2926 electionis
385 2872 513 2926 libertate
532 2890 563 2926 ac
580 2872 730 2926 voluntatis
747 2872 860 2925 arbitrio
882 2871 1013 2925 divinitus
1029 2873 1125 2925 ornati.
1144 2889 1206 2923 nam
1223 2873 1247 2925 si
1260 2890 1321 2926 non

226 2953 268 2996 est
294 2961 358 2996 suae
389 2946 493 3014 spontis
521 2953 605 3016 atqqe
629 2944 695 2996 iuris
722 2943 819 3008 homo,
847 2952 931 3015 reqtut
950 2959 1013 2994 eum
1028 2959 1064 2995 ne
1085 2942 1119 2994 sd
1137 2942 1183 2994 dei
1204 2945 1322 3013 quidem

226 3017 373 3083 imaginem
408 3022 527 3065 creatum
552 3030 618 3066 esse.
640 3032 694 3084 quo
720 3015 792 3066 enim
808 3023 888 3086 pacto
916 3014 1089 3066 simulacrum
1107 3022 1220 3066 naturae
1241 3015 1322 3068 illius

225 3085 403 3153 imperatricis
432 3100 490 3136 esse
517 3086 620 3154 possit,
647 3086 670 3137 si
694 3085 745 3137 hac
773 3087 803 3138 in
827 3093 905 3156 parte
930 3084 1067 3170 discrepet
1093 3083 1128 3135 ab
1167 3087 1324 3154 exemplari

225 3154 369 3224 principe?
391 3156 494 3224 quippe
510 3154 691 3208 conveniebat
706 3165 789 3227 atque
810 3173 858 3226 par
881 3155 1048 3221 erat,ut1d
1085 3153 1141 3207 uod
1159 3157 1325 3225 peremnia

227 3225 423 3276 conformatum
443 3224 476 3276 ad
497 3226 703 3279 similitudinem
720 3227 839 3280 nauminia
858 3235 945 3290 esset,
990 3244 1068 3279 uerna
1115 3226 1197 3278 odom
1215 3226 1324 3293 Nysae-

226 3312 277 3347 uus
296 3296 407 3347 antistes
425 3297 481 3360 ait,
500 3297 527 3347 in
546 3307 642 3349 natura
660 3316 707 3350 sua
725 3306 888 3370 potestatem
907 3243 1004 3366 agendi
1017 3297 1146 3350 arbitratu
1165 3314 1213 3349 suo
1231 3295 1325 3350 habe-

227 3375 270 3417 ret
285 3366 455 3437 imperioque
474 3369 590 3419 neminis
608 3377 722 3438 pareret„
750 3370 845 3439 itaque
863 3368 956 3421 multis
973 3368 1117 3439 probatum
1135 3369 1247 3420 minime
1269 3385 1325 3422 noa

228 3436 342 3488 alicuius
361 3437 484 3489 natalicii
515 3438 627 3502 sideris,
652 3456 721 3510 quae
752 3440 930 3510 complurima
957 3448 998 3492 cat
1022 3440 1133 3509 opinio,
1153 3440 1325 3492 necessitate

227 3508 316 3576 ligari.
334 3525 397 3559 nam
410 3510 568 3578 caeteroqui
586 3510 663 3561 nulla
678 3527 706 3562 re
717 3528 766 3562 nos
779 3513 882 3562 ratione
904 3511 993 3562 ornati
1011 3527 1026 3561 a
1045 3510 1132 3562 brutis
1152 3510 1324 3564 animalibus

210 3579 414 3644 differremus,
443 3596 558 3650 quorum
585 3589 626 3633 est
652 3579 784 3634 arbitratu
810 3582 912 3644 alieno,
940 3597 995 3650 quo
1013 3581 1098 3632 risum
1118 3581 1197 3632 alteri
1216 3580 1324 3645 luerit,

228 3649 303 3714 duci,
323 3667 383 3702 cum
409 3652 521 3702 rationis
540 3659 623 3721 atque
655 3652 754 3704 mentis
771 3653 907 3722 particeps
926 3659 1037 3716 natura,
1055 3654 1078 3702 si
1095 3652 1253 3703 libertatem
1270 3669 1326 3703 vo-
1348 3692 1359 3698 -

227 3721 341 3773 luntatis
359 3723 477 3786 amittat,
496 3722 578 3774 etiam
595 3721 728 3774 beneficio
747 3723 885 3776 facultatis
903 3721 1082 3791 intelligentis
1096 3724 1236 3792 spolietur.
1256 3724 1326 3792 quis

228 3793 301 3842 enirn
326 3795 424 3845 mentis
454 3809 517 3844 usus
547 3794 571 3844 ei
598 3793 693 3858 luerit,
713 3794 735 3846 si
753 3811 769 3844 a
789 3794 839 3846 lati
860 3794 1021 3846 necessitate
1043 3793 1169 3856 (lucatur,
1190 3792 1268 3844 stab
1289 3810 1325 3846 ea

228 3863 305 3931 quasi
328 3863 505 3933 protrudatur
519 3872 548 3916 et
563 3862 721 3936 impellatur
737 3863 773 3916 ad
793 3864 934 3919 actiones?
961 3881 992 3916 ac
1009 3863 1044 3916 dc
1062 3863 1103 3917 his
1124 3863 1234 3935 quidem
1252 3863 1325 3918 hac-

227 3943 314 3984 teuus.
1031 3984 1036 3992 x

297 4003 434 4068 Tuvero,
460 4005 560 4058 dilecte
590 4005 646 4070 lili,
666 4006 689 4059 si
710 4006 821 4079 quando
850 4006 951 4060 videris
977 4007 1108 4059 infantem
1132 4006 1259 4057 vitiatum
1287 4022 1326 4060 ex

229 4073 288 4124 also
307 4075 401 4126 matris
420 4075 511 4143 egredi
530 4078 576 4147 qui
598 4076 643 4129 vel
663 4077 757 4148 biceps
779 4078 824 4130 uel
843 4077 997 4149 quadrupes
1018 4078 1070 4141 sit,
1090 4075 1325 4147 quemadmodum

228 4144 358 4198 Mauricio
390 4145 540 4216 imperante
564 4147 664 4200 accidit
671 4148 679 4213 ,‘
711 4148 769 4202 noli
789 4148 942 4202 existimare
960 4165 1016 4201 uon
1034 4147 1114 4201 bonis
1133 4146 1253 4200 siderum
1271 4149 1325 4202 ad-
