<?xml version="1.0" encoding="UTF-8"?>
<!DOCTYPE html PUBLIC "-//W3C//DTD XHTML 1.0 Transitional//EN"
    "http://www.w3.org/TR/xhtml1/DTD/xhtml1-transitional.dtd">
<html xmlns="http://www.w3.org/1999/xhtml" xml:lang="en" lang="en">
 <head>
  <title>
</title>
<meta http-equiv="Content-Type" content="text/html;charset=utf-8" />
  <meta name='ocr-system' content='tesseract 3.04.00' />
  <meta name='ocr-capabilities' content='ocr_page ocr_carea ocr_par ocr_line ocrx_word'/>
</head>
<body>
  <div class='ocr_page' id='page_1' title='image "./michaelisglycae00glycgoog/michaelisglycae00glycgoog_0053.png"; bbox 0 0 2766 4800; ppageno 0'>
   <div class='ocr_carea' id='block_1_1' title="bbox 181 218 933 304">
    <p class='ocr_par' dir='ltr' id='par_1_1' title="bbox 181 218 933 304">
     <span class='ocr_line' id='line_1_1' title="bbox 181 218 933 304; baseline -0.004 -1"><span class='ocrx_word' id='word_1_1' title='bbox 181 218 238 304; x_wconf 86' lang='grc' dir='ltr'><strong>3ο</strong></span> <span class='ocrx_word' id='word_1_2' title='bbox 521 231 740 301; x_wconf 70' lang='lat' dir='ltr'><strong>ricuinus</strong></span> <span class='ocrx_word' id='word_1_3' title='bbox 769 229 933 300; x_wconf 73' lang='lat' dir='ltr'><strong>ceuceu</strong></span> 
     </span>
    </p>
   </div>
   <div class='ocr_carea' id='block_1_2' title="bbox 83 400 1330 2587">
    <p class='ocr_par' dir='ltr' id='par_1_2' title="bbox 147 400 1330 1591">
     <span class='ocr_line' id='line_1_2' title="bbox 180 400 1278 496; baseline -0.007 -16"><span class='ocrx_word' id='word_1_4' title='bbox 180 435 302 480; x_wconf 87' lang='grc' dir='ltr'><strong><em>ιινοται.</em></strong></span> <span class='ocrx_word' id='word_1_5' title='bbox 356 403 411 471; x_wconf 80' lang='grc' dir='ltr'><strong><em>διό</em></strong></span> <span class='ocrx_word' id='word_1_6' title='bbox 441 401 504 490; x_wconf 89' lang='grc' dir='ltr'><strong>γόρ</strong></span> <span class='ocrx_word' id='word_1_7' title='bbox 538 403 595 489; x_wconf 77' lang='grc' dir='ltr'><strong>τήν</strong></span> <span class='ocrx_word' id='word_1_8' title='bbox 619 400 768 489; x_wconf 76' lang='grc' dir='ltr'><em>καπνώδη</em></span> <span class='ocrx_word' id='word_1_9' title='bbox 801 402 1021 486; x_wconf 59' lang='lat' dir='ltr'><strong>&amp;samnitem</strong></span> <span class='ocrx_word' id='word_1_10' title='bbox 1040 408 1278 496; x_wconf 72' lang='grc' dir='ltr'><strong>παρακειμένην</strong></span> 
     </span>
     <span class='ocr_line' id='line_1_3' title="bbox 182 502 1279 600; baseline -0.008 -21"><span class='ocrx_word' id='word_1_11' title='bbox 182 514 268 600; x_wconf 71' lang='grc' dir='ltr'><strong><em>αὐτῇ</em></strong></span> <span class='ocrx_word' id='word_1_12' title='bbox 295 506 350 573; x_wconf 82' lang='grc' dir='ltr'><strong><em>καί</em></strong></span> <span class='ocrx_word' id='word_1_13' title='bbox 385 504 481 570; x_wconf 78' lang='grc' dir='ltr'><strong><em>οἷονεί</em></strong></span> <span class='ocrx_word' id='word_1_14' title='bbox 499 504 744 587; x_wconf 76' lang='grc' dir='ltr'><strong><em>ααρακαόονσοὶν</em></strong></span> <span class='ocrx_word' id='word_1_15' title='bbox 763 525 799 568; x_wconf 79' lang='grc' dir='ltr'><strong>τι</strong></span> <span class='ocrx_word' id='word_1_16' title='bbox 830 502 887 569; x_wconf 75' lang='lat' dir='ltr'><strong>erni</strong></span> <span class='ocrx_word' id='word_1_17' title='bbox 903 503 1198 590; x_wconf 83' lang='grc' dir='ltr'><strong><em>παραφρόγουσαν,</em></strong></span> <span class='ocrx_word' id='word_1_18' title='bbox 1217 508 1279 570; x_wconf 77' lang='grc' dir='ltr'><strong><em>κατ’</em></strong></span> 
     </span>
     <span class='ocr_line' id='line_1_4' title="bbox 151 598 1275 698; baseline -0.009 -20"><span class='ocrx_word' id='word_1_19' title='bbox 151 614 157 631; x_wconf 61' lang='lat'>⁸</span> <span class='ocrx_word' id='word_1_20' title='bbox 180 604 410 698; x_wconf 55' lang='grc' dir='ltr'><strong><em>τὴντόλμυρόν</em></strong></span> <span class='ocrx_word' id='word_1_21' title='bbox 431 605 516 692; x_wconf 71' lang='grc' dir='ltr'><strong><em>αὐτῇ</em></strong></span> <span class='ocrx_word' id='word_1_22' title='bbox 536 605 730 686; x_wconf 77' lang='grc' dir='ltr'><strong><em>ἐμποιοῦσαν</em></strong></span> <span class='ocrx_word' id='word_1_23' title='bbox 748 605 922 688; x_wconf 86' lang='grc' dir='ltr'><strong><em>ποιότητα,</em></strong></span> <span class='ocrx_word' id='word_1_24' title='bbox 944 598 1050 688; x_wconf 66' lang='grc' dir='ltr'><strong><em>οἵσπερ</em></strong></span> <span class='ocrx_word' id='word_1_25' title='bbox 1069 628 1100 669; x_wconf 87' lang='grc' dir='ltr'><strong>τι</strong></span> <span class='ocrx_word' id='word_1_26' title='bbox 1120 605 1275 687; x_wconf 76' lang='grc' dir='ltr'><strong><em>περίττω-</em></strong></span> 
     </span>
     <span class='ocr_line' id='line_1_5' title="bbox 179 696 1276 794; baseline -0.006 -18"><span class='ocrx_word' id='word_1_27' title='bbox 179 737 226 794; x_wconf 94' lang='grc' dir='ltr'><strong><em>μα</em></strong></span> <span class='ocrx_word' id='word_1_28' title='bbox 247 709 281 774; x_wconf 88' lang='grc' dir='ltr'><strong><em>τό</em></strong></span> <span class='ocrx_word' id='word_1_29' title='bbox 310 703 453 787; x_wconf 76' lang='grc' dir='ltr'><strong><em>ἁλμυρόν</em></strong></span> <span class='ocrx_word' id='word_1_30' title='bbox 484 700 572 788; x_wconf 72' lang='grc' dir='ltr'><strong>ὕδωρ</strong></span> <span class='ocrx_word' id='word_1_31' title='bbox 595 698 779 788; x_wconf 74' lang='grc' dir='ltr'><strong><em>ὑφίσταται.</em></strong></span> <span class='ocrx_word' id='word_1_32' title='bbox 828 699 895 768; x_wconf 74' lang='grc' dir='ltr'><strong><em>ἔδει</em></strong></span> <span class='ocrx_word' id='word_1_33' title='bbox 918 705 978 785; x_wconf 83' lang='grc' dir='ltr'><strong><em>μὲν</em></strong></span> <span class='ocrx_word' id='word_1_34' title='bbox 995 696 1052 766; x_wconf 83' lang='grc' dir='ltr'><strong>σόν</strong></span> <span class='ocrx_word' id='word_1_35' title='bbox 1072 702 1128 767; x_wconf 77' lang='grc' dir='ltr'><strong>καὶ</strong></span> <span class='ocrx_word' id='word_1_36' title='bbox 1150 704 1186 768; x_wconf 88' lang='grc' dir='ltr'><strong><em>τό</em></strong></span> <span class='ocrx_word' id='word_1_37' title='bbox 1209 706 1276 769; x_wconf 81' lang='grc' dir='ltr'><strong><em>τῶν</em></strong></span> 
     </span>
     <span class='ocr_line' id='line_1_6' title="bbox 179 799 1307 891; baseline -0.005 -15"><span class='ocrx_word' id='word_1_38' title='bbox 179 810 328 891; x_wconf 76' lang='grc' dir='ltr'><strong><em>ποταμῶν</em></strong></span> <span class='ocrx_word' id='word_1_39' title='bbox 357 799 445 888; x_wconf 84' lang='grc' dir='ltr'><strong><em>όδοιρ</em></strong></span> <span class='ocrx_word' id='word_1_40' title='bbox 474 801 717 884; x_wconf 81' lang='grc' dir='ltr'><strong><em>ἐξατμιζόμενον</em></strong></span> <span class='ocrx_word' id='word_1_41' title='bbox 747 804 802 868; x_wconf 73' lang='grc' dir='ltr'><strong><em>κατ’</em></strong></span> <span class='ocrx_word' id='word_1_42' title='bbox 827 800 1108 888; x_wconf 78' lang='grc' dir='ltr'><strong><em>παραφλιγόμινον</em></strong></span> <span class='ocrx_word' id='word_1_43' title='bbox 1127 802 1307 887; x_wconf 81' lang='grc' dir='ltr'><strong><em>όλμυρόν5</em></strong></span> 
     </span>
     <span class='ocr_line' id='line_1_7' title="bbox 147 900 1275 988; baseline -0.007 -11"><span class='ocrx_word' id='word_1_44' title='bbox 147 912 389 977; x_wconf 79' lang='grc' dir='ltr'><strong><em>Βδεόινοσθαι·</em></strong></span> <span class='ocrx_word' id='word_1_45' title='bbox 438 904 505 968; x_wconf 72' lang='grc' dir='ltr'><strong>ἀλλ’</strong></span> <span class='ocrx_word' id='word_1_46' title='bbox 535 903 555 987; x_wconf 81' lang='grc' dir='ltr'><em>ἦ</em></span> <span class='ocrx_word' id='word_1_47' title='bbox 591 900 734 988; x_wconf 73' lang='grc' dir='ltr'><strong><em>όιηνὲκης</em></strong></span> <span class='ocrx_word' id='word_1_48' title='bbox 767 905 887 988; x_wconf 78' lang='grc' dir='ltr'><strong><em>κίνησις</em></strong></span> <span class='ocrx_word' id='word_1_49' title='bbox 909 906 1006 968; x_wconf 82' lang='grc' dir='ltr'><strong><em>τοῦτο</em></strong></span> <span class='ocrx_word' id='word_1_50' title='bbox 1032 901 1072 966; x_wconf 79' lang='lat' dir='ltr'><strong>osi</strong></span> <span class='ocrx_word' id='word_1_51' title='bbox 1101 913 1275 987; x_wconf 76' lang='grc' dir='ltr'><strong><em>συγχωρεῖ.</em></strong></span> 
     </span>
     <span class='ocr_line' id='line_1_8' title="bbox 180 996 1276 1095; baseline -0.006 -20"><span class='ocrx_word' id='word_1_52' title='bbox 180 1011 281 1095; x_wconf 77' lang='grc' dir='ltr'><strong><em>ἐκείνη</em></strong></span> <span class='ocrx_word' id='word_1_53' title='bbox 313 1010 348 1080; x_wconf 82' lang='grc' dir='ltr'><strong>δὲ</strong></span> <span class='ocrx_word' id='word_1_54' title='bbox 381 1007 415 1071; x_wconf 82' lang='grc' dir='ltr'><strong>ἒν</strong></span> <span class='ocrx_word' id='word_1_55' title='bbox 444 1005 529 1091; x_wconf 82' lang='grc' dir='ltr'><strong><em>τόπῳ</em></strong></span> <span class='ocrx_word' id='word_1_56' title='bbox 556 1000 650 1091; x_wconf 75' lang='grc' dir='ltr'><strong><em>κοίλῳ</em></strong></span> <span class='ocrx_word' id='word_1_57' title='bbox 684 1003 955 1090; x_wconf 81' lang='grc' dir='ltr'><strong><em>περιλιμνόζοιισα</em></strong></span> <span class='ocrx_word' id='word_1_58' title='bbox 989 1004 1044 1071; x_wconf 76' lang='lat' dir='ltr'><strong>noi</strong></span> <span class='ocrx_word' id='word_1_59' title='bbox 1072 1002 1122 1089; x_wconf 75' lang='grc' dir='ltr'><strong>ἐφ’</strong></span> <span class='ocrx_word' id='word_1_60' title='bbox 1154 996 1276 1087; x_wconf 75' lang='grc' dir='ltr'><strong><em>ἑαυτῆς</em></strong></span> 
     </span>
     <span class='ocr_line' id='line_1_9' title="bbox 179 1102 1275 1189; baseline -0.009 -13"><span class='ocrx_word' id='word_1_61' title='bbox 179 1106 304 1176; x_wconf 70' lang='grc' dir='ltr'><strong><em>ἑστῶσα</em></strong></span> <span class='ocrx_word' id='word_1_62' title='bbox 326 1102 542 1189; x_wconf 76' lang='grc' dir='ltr'><strong><em>ἑτοιμοπαθὴς</em></strong></span> <span class='ocrx_word' id='word_1_63' title='bbox 565 1106 635 1169; x_wconf 76' lang='grc' dir='ltr'><strong><em>ἐστι</em></strong></span> <span class='ocrx_word' id='word_1_64' title='bbox 654 1109 720 1180; x_wconf 82' lang='grc' dir='ltr'><strong><em>τοῖς</em></strong></span> <span class='ocrx_word' id='word_1_65' title='bbox 744 1104 857 1179; x_wconf 78' lang='grc' dir='ltr'><strong><em>αἰτίοις</em></strong></span> <span class='ocrx_word' id='word_1_66' title='bbox 876 1105 931 1187; x_wconf 80' lang='grc' dir='ltr'><strong><em>τῆς</em></strong></span> <span class='ocrx_word' id='word_1_67' title='bbox 952 1102 1176 1188; x_wconf 81' lang='grc' dir='ltr'><strong><em>όλμιιρότητος.</em></strong></span> <span class='ocrx_word' id='word_1_68' title='bbox 1197 1104 1275 1166; x_wconf 81' lang='grc' dir='ltr'><strong>τοῦ-</strong></span> 
     </span>
     <span class='ocr_line' id='line_1_10' title="bbox 180 1198 1277 1292; baseline -0.01 -17"><span class='ocrx_word' id='word_1_69' title='bbox 180 1231 236 1275; x_wconf 86' lang='grc' dir='ltr'><strong><em>τον</em></strong></span> <span class='ocrx_word' id='word_1_70' title='bbox 255 1211 366 1292; x_wconf 75' lang='grc' dir='ltr'><strong><em>μέντοι</em></strong></span> <span class='ocrx_word' id='word_1_71' title='bbox 396 1202 453 1270; x_wconf 89' lang='grc' dir='ltr'><strong><em>τόν</em></strong></span> <span class='ocrx_word' id='word_1_72' title='bbox 471 1199 565 1286; x_wconf 80' lang='grc' dir='ltr'><strong><em>λόγον</em></strong></span> <span class='ocrx_word' id='word_1_73' title='bbox 588 1205 770 1285; x_wconf 77' lang='grc' dir='ltr'><strong><em>ἐπιβεβαιοῖ</em></strong></span> <span class='ocrx_word' id='word_1_74' title='bbox 782 1206 839 1267; x_wconf 80' lang='grc' dir='ltr'><strong><em>κατ’</em></strong></span> <span class='ocrx_word' id='word_1_75' title='bbox 858 1201 876 1266; x_wconf 86' lang='grc' dir='ltr'><strong><em>ό</em></strong></span> <span class='ocrx_word' id='word_1_76' title='bbox 897 1198 1106 1286; x_wconf 73' lang='grc' dir='ltr'><strong><em>Δαμασκηνός</em></strong></span> <span class='ocrx_word' id='word_1_77' title='bbox 1130 1199 1277 1284; x_wconf 76' lang='grc' dir='ltr'><strong><em>Ἰωάννης</em></strong></span> 
     </span>
     <span class='ocr_line' id='line_1_11' title="bbox 178 1295 1330 1392; baseline -0.006 -17"><span class='ocrx_word' id='word_1_78' title='bbox 178 1312 278 1392; x_wconf 80' lang='grc' dir='ltr'><strong><em>λέγων</em></strong></span> <span class='ocrx_word' id='word_1_79' title='bbox 299 1302 339 1387; x_wconf 85' lang='grc' dir='ltr'><strong>,,ό</strong></span> <span class='ocrx_word' id='word_1_80' title='bbox 371 1307 430 1387; x_wconf 80' lang='grc' dir='ltr'><strong><em>μὲν</em></strong></span> <span class='ocrx_word' id='word_1_81' title='bbox 451 1295 509 1368; x_wconf 86' lang='grc' dir='ltr'><strong>οόν</strong></span> <span class='ocrx_word' id='word_1_82' title='bbox 528 1300 677 1379; x_wconf 83' lang='grc' dir='ltr'><strong><em>Ὠκεανός</em></strong></span> <span class='ocrx_word' id='word_1_83' title='bbox 704 1301 837 1384; x_wconf 88' lang='grc' dir='ltr'><strong><em>πότιμος</em></strong></span> <span class='ocrx_word' id='word_1_84' title='bbox 855 1296 901 1368; x_wconf 81' lang='grc' dir='ltr'><strong><em>τόν</em></strong></span> <span class='ocrx_word' id='word_1_85' title='bbox 920 1305 975 1366; x_wconf 82' lang='grc' dir='ltr'><strong><em>καί</em></strong></span> <span class='ocrx_word' id='word_1_86' title='bbox 992 1298 1183 1391; x_wconf 60' lang='grc' dir='ltr'><strong><em>γλυκύτατος</em></strong></span> <span class='ocrx_word' id='word_1_87' title='bbox 1202 1301 1276 1364; x_wconf 77' lang='grc' dir='ltr'><strong><em>ἐπι·</em></strong></span> <span class='ocrx_word' id='word_1_88' title='bbox 1290 1326 1330 1369; x_wconf 85' lang='grc' dir='ltr'><strong><em>ιο</em></strong></span> 
     </span>
     <span class='ocr_line' id='line_1_12' title="bbox 178 1391 1277 1491; baseline -0.007 -20"><span class='ocrx_word' id='word_1_89' title='bbox 178 1416 316 1491; x_wconf 78' lang='grc' dir='ltr'><strong><em>χορηγεῖ</em></strong></span> <span class='ocrx_word' id='word_1_90' title='bbox 330 1401 367 1470; x_wconf 89' lang='grc' dir='ltr'><strong><em>τό</em></strong></span> <span class='ocrx_word' id='word_1_91' title='bbox 388 1402 476 1487; x_wconf 70' lang='lat' dir='ltr'><strong>ideo</strong></span> <span class='ocrx_word' id='word_1_92' title='bbox 497 1407 538 1490; x_wconf 75' lang='grc' dir='ltr'><strong><em>τῇ</em></strong></span> <span class='ocrx_word' id='word_1_93' title='bbox 561 1398 724 1491; x_wconf 78' lang='grc' dir='ltr'><strong><em>θαλάσση·</em></strong></span> <span class='ocrx_word' id='word_1_94' title='bbox 767 1404 925 1488; x_wconf 72' lang='grc' dir='ltr'><strong><em>χρονιζοον</em></strong></span> <span class='ocrx_word' id='word_1_95' title='bbox 947 1405 983 1466; x_wconf 76' lang='lat' dir='ltr'><strong>di</strong></span> <span class='ocrx_word' id='word_1_96' title='bbox 1000 1396 1155 1483; x_wconf 84' lang='grc' dir='ltr'><strong><em>όμοοςιιαό</em></strong></span> <span class='ocrx_word' id='word_1_97' title='bbox 1170 1391 1277 1476; x_wconf 75' lang='grc' dir='ltr'><strong><em>ἕστοός</em></strong></span> 
     </span>
     <span class='ocr_line' id='line_1_13' title="bbox 181 1494 1277 1591; baseline -0.008 -20"><span class='ocrx_word' id='word_1_98' title='bbox 181 1506 326 1591; x_wconf 78' lang='grc' dir='ltr'><strong><em>α’κόνητος</em></strong></span> <span class='ocrx_word' id='word_1_99' title='bbox 344 1502 456 1589; x_wconf 89' lang='grc' dir='ltr'><strong><em>ιτιιιρός</em></strong></span> <span class='ocrx_word' id='word_1_100' title='bbox 474 1505 605 1588; x_wconf 76' lang='grc' dir='ltr'><strong><em>γίνεται,</em></strong></span> <span class='ocrx_word' id='word_1_101' title='bbox 626 1505 685 1568; x_wconf 77' lang='lat' dir='ltr'><strong>sesi</strong></span> <span class='ocrx_word' id='word_1_102' title='bbox 703 1502 796 1587; x_wconf 80' lang='grc' dir='ltr'><strong><em>ἡλιόν</em></strong></span> <span class='ocrx_word' id='word_1_103' title='bbox 816 1502 872 1569; x_wconf 76' lang='grc' dir='ltr'><strong><em>οἴετ’</em></strong></span> <span class='ocrx_word' id='word_1_104' title='bbox 888 1500 922 1568; x_wconf 91' lang='grc' dir='ltr'><strong><em>τό</em></strong></span> <span class='ocrx_word' id='word_1_105' title='bbox 944 1494 1128 1587; x_wconf 80' lang='grc' dir='ltr'><strong><em>λεπτότερον</em></strong></span> <span class='ocrx_word' id='word_1_106' title='bbox 1148 1498 1277 1581; x_wconf 83' lang='grc' dir='ltr'><strong><em>οἷνιμοο.</em></strong></span> 
     </span>
    </p>

    <p class='ocr_par' dir='ltr' id='par_1_3' title="bbox 83 1598 1330 1993">
     <span class='ocr_line' id='line_1_14' title="bbox 83 1598 1277 1690; baseline -0.003 -20"><span class='ocrx_word' id='word_1_107' title='bbox 83 1674 84 1678; x_wconf 56' lang='grc'>,</span> <span class='ocrx_word' id='word_1_108' title='bbox 181 1612 279 1689; x_wconf 69' lang='grc' dir='ltr'><strong><em>μόνον</em></strong></span> <span class='ocrx_word' id='word_1_109' title='bbox 302 1603 414 1688; x_wconf 75' lang='grc' dir='ltr'><strong><em>καίπερ</em></strong></span> <span class='ocrx_word' id='word_1_110' title='bbox 439 1605 474 1668; x_wconf 79' lang='grc' dir='ltr'><strong>ἐκ</strong></span> <span class='ocrx_word' id='word_1_111' title='bbox 493 1606 557 1668; x_wconf 79' lang='grc' dir='ltr'><strong><em>τῶν</em></strong></span> <span class='ocrx_word' id='word_1_112' title='bbox 579 1601 744 1690; x_wconf 80' lang='grc' dir='ltr'><strong><em>σιφαόνοον,</em></strong></span> <span class='ocrx_word' id='word_1_113' title='bbox 777 1598 855 1668; x_wconf 76' lang='grc' dir='ltr'><strong><em>ὅθεν</em></strong></span> <span class='ocrx_word' id='word_1_114' title='bbox 874 1606 931 1666; x_wconf 77' lang='grc' dir='ltr'><strong><em>κατ’</em></strong></span> <span class='ocrx_word' id='word_1_115' title='bbox 947 1599 986 1667; x_wconf 84' lang='grc' dir='ltr'><strong><em>τοὶ</em></strong></span> <span class='ocrx_word' id='word_1_116' title='bbox 1006 1600 1087 1688; x_wconf 77' lang='grc' dir='ltr'><strong><em>νέφη</em></strong></span> <span class='ocrx_word' id='word_1_117' title='bbox 1108 1601 1277 1666; x_wconf 72' lang='grc' dir='ltr'><strong><em>συνισταν-</em></strong></span> 
     </span>
     <span class='ocr_line' id='line_1_15' title="bbox 180 1693 1277 1789; baseline -0.005 -17"><span class='ocrx_word' id='word_1_118' title='bbox 180 1730 234 1772; x_wconf 82' lang='grc' dir='ltr'><strong>ται</strong></span> <span class='ocrx_word' id='word_1_119' title='bbox 257 1703 313 1770; x_wconf 77' lang='grc' dir='ltr'><strong><em>καί</em></strong></span> <span class='ocrx_word' id='word_1_120' title='bbox 332 1701 361 1769; x_wconf 87' lang='lat' dir='ltr'><strong>oi</strong></span> <span class='ocrx_word' id='word_1_121' title='bbox 382 1693 497 1789; x_wconf 78' lang='grc' dir='ltr'><strong><em>ὄμβροι</em></strong></span> <span class='ocrx_word' id='word_1_122' title='bbox 519 1700 661 1788; x_wconf 72' lang='grc' dir='ltr'><strong><em>γίνονται</em></strong></span> <span class='ocrx_word' id='word_1_123' title='bbox 683 1702 738 1768; x_wconf 84' lang='grc' dir='ltr'><strong><em>διό</em></strong></span> <span class='ocrx_word' id='word_1_124' title='bbox 758 1705 815 1788; x_wconf 82' lang='grc' dir='ltr'><strong><em>τῆς</em></strong></span> <span class='ocrx_word' id='word_1_125' title='bbox 836 1697 1013 1787; x_wconf 72' lang='grc' dir='ltr'><strong><em>διηθήσεονς</em></strong></span> <span class='ocrx_word' id='word_1_126' title='bbox 1026 1701 1277 1784; x_wconf 76' lang='grc' dir='ltr'><strong><em>γλνιιαινομόνον</em></strong></span> 
     </span>
     <span class='ocr_line' id='line_1_16' title="bbox 181 1795 1330 1885; baseline -0.006 -13"><span class='ocrx_word' id='word_1_127' title='bbox 181 1810 241 1872; x_wconf 76' lang='lat' dir='ltr'><strong>soei</strong></span> <span class='ocrx_word' id='word_1_128' title='bbox 260 1801 410 1880; x_wconf 81' lang='grc' dir='ltr'><strong><em>όδατος.”</em></strong></span> <span class='ocrx_word' id='word_1_129' title='bbox 452 1795 537 1869; x_wconf 73' lang='grc' dir='ltr'><strong><em>οὕτω</em></strong></span> <span class='ocrx_word' id='word_1_130' title='bbox 564 1805 623 1885; x_wconf 78' lang='grc' dir='ltr'><strong><em>μὲν</em></strong></span> <span class='ocrx_word' id='word_1_131' title='bbox 643 1796 703 1869; x_wconf 81' lang='grc' dir='ltr'><strong>σόν</strong></span> <span class='ocrx_word' id='word_1_132' title='bbox 722 1801 778 1867; x_wconf 82' lang='grc' dir='ltr'><strong>καὶ</strong></span> <span class='ocrx_word' id='word_1_133' title='bbox 801 1800 818 1867; x_wconf 86' lang='grc' dir='ltr'><strong><em>ό</em></strong></span> <span class='ocrx_word' id='word_1_134' title='bbox 841 1801 1004 1877; x_wconf 76' lang='grc' dir='ltr'><strong><em>θειότατος</em></strong></span> <span class='ocrx_word' id='word_1_135' title='bbox 1027 1801 1235 1874; x_wconf 81' lang='grc' dir='ltr'><strong><em>Ἀναοτόσιος</em></strong></span> <span class='ocrx_word' id='word_1_136' title='bbox 1258 1798 1277 1865; x_wconf 80' lang='grc' dir='ltr'><strong><em>ὅ</em></strong></span> <span class='ocrx_word' id='word_1_137' title='bbox 1290 1802 1330 1865; x_wconf 83' lang='grc' dir='ltr'><strong><em>τ5</em></strong></span> 
     </span>
     <span class='ocr_line' id='line_1_17' title="bbox 181 1896 1278 1993; baseline -0.005 -22"><span class='ocrx_word' id='word_1_138' title='bbox 181 1907 327 1989; x_wconf 81' lang='grc' dir='ltr'><strong><em>Σιναΐτης</em></strong></span> <span class='ocrx_word' id='word_1_139' title='bbox 341 1908 375 1971; x_wconf 79' lang='grc' dir='ltr'><strong>όν</strong></span> <span class='ocrx_word' id='word_1_140' title='bbox 394 1906 433 1992; x_wconf 76' lang='grc' dir='ltr'><strong><em>τῇ</em></strong></span> <span class='ocrx_word' id='word_1_141' title='bbox 453 1907 615 1993; x_wconf 77' lang='grc' dir='ltr'><strong><em>ἐξαημόριρ</em></strong></span> <span class='ocrx_word' id='word_1_142' title='bbox 637 1905 735 1970; x_wconf 68' lang='lat' dir='ltr'><strong>adsoni</strong></span> <span class='ocrx_word' id='word_1_143' title='bbox 749 1906 879 1980; x_wconf 77' lang='grc' dir='ltr'><strong><em>διέξεισι</em></strong></span> <span class='ocrx_word' id='word_1_144' title='bbox 891 1904 989 1984; x_wconf 83' lang='grc' dir='ltr'><strong><em>λέγων</em></strong></span> <span class='ocrx_word' id='word_1_145' title='bbox 1010 1896 1052 1984; x_wconf 81' lang='grc' dir='ltr'><strong>,,ἦ</strong></span> <span class='ocrx_word' id='word_1_146' title='bbox 1073 1903 1109 1965; x_wconf 78' lang='grc' dir='ltr'><strong>δὲ</strong></span> <span class='ocrx_word' id='word_1_147' title='bbox 1121 1899 1278 1965; x_wconf 78' lang='grc' dir='ltr'><strong><em>θάλασσα</em></strong></span> 
     </span>
    </p>

    <p class='ocr_par' dir='ltr' id='par_1_4' title="bbox 95 1995 1330 2587">
     <span class='ocr_line' id='line_1_18' title="bbox 95 1995 1278 2091; baseline -0.004 -20"><span class='ocrx_word' id='word_1_148' title='bbox 95 2015 124 2071; x_wconf 85' lang='grc' dir='ltr'><strong>Ρ.</strong></span> <span class='ocrx_word' id='word_1_149' title='bbox 141 2011 308 2089; x_wconf 79' lang='grc' dir='ltr'><strong><em>ιθγλνκεϊα</em></strong></span> <span class='ocrx_word' id='word_1_150' title='bbox 340 1997 380 2091; x_wconf 77' lang='grc' dir='ltr'><strong>ἦν</strong></span> <span class='ocrx_word' id='word_1_151' title='bbox 398 2012 466 2068; x_wconf 82' lang='grc' dir='ltr'><strong><em>κατ’</em></strong></span> <span class='ocrx_word' id='word_1_152' title='bbox 498 2001 602 2087; x_wconf 82' lang='grc' dir='ltr'><strong><em>α’ρχός</em></strong></span> <span class='ocrx_word' id='word_1_153' title='bbox 630 2003 686 2069; x_wconf 75' lang='grc' dir='ltr'><strong><em>κατ’</em></strong></span> <span class='ocrx_word' id='word_1_154' title='bbox 703 2006 788 2086; x_wconf 78' lang='grc' dir='ltr'><strong><em>νᾶμα</em></strong></span> <span class='ocrx_word' id='word_1_155' title='bbox 807 2004 939 2084; x_wconf 89' lang='grc' dir='ltr'><strong><em>πότιμον</em></strong></span> <span class='ocrx_word' id='word_1_156' title='bbox 958 1999 1097 2083; x_wconf 79' lang='grc' dir='ltr'><strong><em>ἔχουσα·</em></strong></span> <span class='ocrx_word' id='word_1_157' title='bbox 1140 1995 1278 2084; x_wconf 72' lang='grc' dir='ltr'><strong><em>ὕστερον</em></strong></span> 
     </span>
     <span class='ocr_line' id='line_1_19' title="bbox 181 2096 1277 2194; baseline -0.005 -24"><span class='ocrx_word' id='word_1_158' title='bbox 181 2107 218 2171; x_wconf 79' lang='grc' dir='ltr'><strong>δὲ</strong></span> <span class='ocrx_word' id='word_1_159' title='bbox 237 2108 281 2193; x_wconf 75' lang='grc' dir='ltr'><strong><em>τῷ</em></strong></span> <span class='ocrx_word' id='word_1_160' title='bbox 309 2103 415 2194; x_wconf 75' lang='grc' dir='ltr'><strong><em>χρόνῳ</em></strong></span> <span class='ocrx_word' id='word_1_161' title='bbox 435 2108 490 2169; x_wconf 83' lang='grc' dir='ltr'><strong><em>καί</em></strong></span> <span class='ocrx_word' id='word_1_162' title='bbox 520 2114 586 2179; x_wconf 81' lang='grc' dir='ltr'><strong><em>τοῖς</em></strong></span> <span class='ocrx_word' id='word_1_163' title='bbox 608 2107 773 2187; x_wconf 76' lang='grc' dir='ltr'><strong><em>στοιχείοις</em></strong></span> <span class='ocrx_word' id='word_1_164' title='bbox 794 2102 853 2186; x_wconf 75' lang='grc' dir='ltr'><strong><em>τὴν</em></strong></span> <span class='ocrx_word' id='word_1_165' title='bbox 872 2096 1043 2166; x_wconf 80' lang='grc' dir='ltr'><strong><em>ἇλλοιόισιν</em></strong></span> <span class='ocrx_word' id='word_1_166' title='bbox 1067 2097 1185 2185; x_wconf 74' lang='grc' dir='ltr'><strong><em>ταύτην</em></strong></span> <span class='ocrx_word' id='word_1_167' title='bbox 1204 2102 1277 2165; x_wconf 74' lang='grc' dir='ltr'><strong>ἐδέ-</strong></span> 
     </span>
     <span class='ocr_line' id='line_1_20' title="bbox 181 2197 1276 2290; baseline -0.005 -21"><span class='ocrx_word' id='word_1_168' title='bbox 181 2208 289 2284; x_wconf 81' lang='grc' dir='ltr'><strong><em>ξατο.”</em></strong></span> <span class='ocrx_word' id='word_1_169' title='bbox 330 2202 429 2287; x_wconf 85' lang='grc' dir='ltr'><strong><em>όγόιρ</em></strong></span> <span class='ocrx_word' id='word_1_170' title='bbox 449 2197 538 2286; x_wconf 79' lang='grc' dir='ltr'><strong><em>ἥλιος</em></strong></span> <span class='ocrx_word' id='word_1_171' title='bbox 550 2252 562 2290; x_wconf 16' lang='lat' dir='ltr'><strong>,v</strong></span> <span class='ocrx_word' id='word_1_172' title='bbox 583 2201 627 2278; x_wconf 82' lang='grc' dir='ltr'><strong>σός</strong></span> <span class='ocrx_word' id='word_1_173' title='bbox 647 2200 789 2287; x_wconf 82' lang='grc' dir='ltr'><strong><em>εἴρηται,</em></strong></span> <span class='ocrx_word' id='word_1_174' title='bbox 814 2205 853 2288; x_wconf 79' lang='grc' dir='ltr'><strong><em>τῇ</em></strong></span> <span class='ocrx_word' id='word_1_175' title='bbox 876 2199 974 2288; x_wconf 77' lang='grc' dir='ltr'><strong><em>οἰκιόρ</em></strong></span> <span class='ocrx_word' id='word_1_176' title='bbox 1000 2197 1172 2286; x_wconf 76' lang='grc' dir='ltr'><strong><em>θερμότητι</em></strong></span> <span class='ocrx_word' id='word_1_177' title='bbox 1200 2201 1276 2277; x_wconf 76' lang='grc' dir='ltr'><strong><em>ἐξα·</em></strong></span> 
     </span>
     <span class='ocr_line' id='line_1_21' title="bbox 181 2297 1330 2388; baseline -0.005 -18"><span class='ocrx_word' id='word_1_178' title='bbox 181 2305 304 2388; x_wconf 75' lang='grc' dir='ltr'><strong><em>τμιζτον</em></strong></span> <span class='ocrx_word' id='word_1_179' title='bbox 315 2299 562 2388; x_wconf 67' lang='grc' dir='ltr'><strong><em>τηνόοὶλασσαν,</em></strong></span> <span class='ocrx_word' id='word_1_180' title='bbox 586 2306 641 2365; x_wconf 81' lang='grc' dir='ltr'><strong><em>καί</em></strong></span> <span class='ocrx_word' id='word_1_181' title='bbox 657 2300 693 2366; x_wconf 88' lang='grc' dir='ltr'><strong><em>τό</em></strong></span> <span class='ocrx_word' id='word_1_182' title='bbox 711 2297 903 2384; x_wconf 79' lang='grc' dir='ltr'><strong><em>γλοκόττρον</em></strong></span> <span class='ocrx_word' id='word_1_183' title='bbox 918 2303 1015 2366; x_wconf 75' lang='grc' dir='ltr'><strong><em>ἕλκων</em></strong></span> <span class='ocrx_word' id='word_1_184' title='bbox 1039 2299 1094 2364; x_wconf 70' lang='grc' dir='ltr'><strong><em>κατ’</em></strong></span> <span class='ocrx_word' id='word_1_185' title='bbox 1113 2298 1278 2385; x_wconf 71' lang='grc' dir='ltr'><strong><em>κουφίζων</em></strong></span> <span class='ocrx_word' id='word_1_186' title='bbox 1285 2327 1330 2372; x_wconf 80' lang='lat'><strong>20</strong></span> 
     </span>
     <span class='ocr_line' id='line_1_22' title="bbox 182 2392 1278 2490; baseline -0.005 -22"><span class='ocrx_word' id='word_1_187' title='bbox 182 2400 263 2488; x_wconf 82' lang='grc' dir='ltr'><strong><em>πρός</em></strong></span> <span class='ocrx_word' id='word_1_188' title='bbox 280 2400 336 2467; x_wconf 89' lang='grc' dir='ltr'><strong><em>τόν</em></strong></span> <span class='ocrx_word' id='word_1_189' title='bbox 354 2403 455 2485; x_wconf 81' lang='grc' dir='ltr'><strong><em>α’έρα,</em></strong></span> <span class='ocrx_word' id='word_1_190' title='bbox 478 2399 562 2467; x_wconf 79' lang='grc' dir='ltr'><strong><em>κόττα</em></strong></span> <span class='ocrx_word' id='word_1_191' title='bbox 583 2399 619 2466; x_wconf 88' lang='grc' dir='ltr'><strong><em>τό</em></strong></span> <span class='ocrx_word' id='word_1_192' title='bbox 642 2400 867 2484; x_wconf 80' lang='grc' dir='ltr'><strong><em>ἁλμορώτερον</em></strong></span> <span class='ocrx_word' id='word_1_193' title='bbox 888 2402 930 2490; x_wconf 60' lang='grc' dir='ltr'><strong>όρῖ7</strong></span> <span class='ocrx_word' id='word_1_194' title='bbox 947 2404 1001 2464; x_wconf 82' lang='grc' dir='ltr'><strong><em>καί</em></strong></span> <span class='ocrx_word' id='word_1_195' title='bbox 1019 2397 1203 2483; x_wconf 75' lang='grc' dir='ltr'><strong><em>βαρύτερον.</em></strong></span> <span class='ocrx_word' id='word_1_196' title='bbox 1223 2392 1278 2464; x_wconf 84' lang='grc' dir='ltr'><strong>ότι</strong></span> 
     </span>
     <span class='ocr_line' id='line_1_23' title="bbox 183 2493 1276 2587; baseline -0.007 -19"><span class='ocrx_word' id='word_1_197' title='bbox 183 2505 220 2571; x_wconf 73' lang='lat' dir='ltr'><strong>tt</strong></span> <span class='ocrx_word' id='word_1_198' title='bbox 248 2499 428 2587; x_wconf 81' lang='grc' dir='ltr'><strong><em>παχότιρόν</em></strong></span> <span class='ocrx_word' id='word_1_199' title='bbox 455 2505 524 2568; x_wconf 81' lang='grc' dir='ltr'><strong><em>ἐστι</em></strong></span> <span class='ocrx_word' id='word_1_200' title='bbox 550 2498 587 2566; x_wconf 89' lang='grc' dir='ltr'><strong><em>τό</em></strong></span> <span class='ocrx_word' id='word_1_201' title='bbox 609 2499 782 2567; x_wconf 76' lang='grc' dir='ltr'><strong><em>θαλάττιον</em></strong></span> <span class='ocrx_word' id='word_1_202' title='bbox 814 2497 983 2586; x_wconf 65' lang='lat' dir='ltr'><strong>sidonensis</strong></span> <span class='ocrx_word' id='word_1_203' title='bbox 1004 2502 1167 2582; x_wconf 73' lang='grc' dir='ltr'><strong><em>ποταμίαν</em></strong></span> <span class='ocrx_word' id='word_1_204' title='bbox 1188 2493 1276 2564; x_wconf 75' lang='lat' dir='ltr'><strong>idei.</strong></span> 
     </span>
    </p>
   </div>
   <div class='ocr_carea' id='block_1_3' title="bbox 258 2691 768 2772">
    <p class='ocr_par' dir='ltr' id='par_1_5' title="bbox 258 2691 768 2772">
     <span class='ocr_line' id='line_1_24' title="bbox 258 2691 768 2772; baseline -0.002 -24"><span class='ocrx_word' id='word_1_205' title='bbox 258 2695 298 2750; x_wconf 74' lang='lat'><strong>13.</strong></span> <span class='ocrx_word' id='word_1_206' title='bbox 315 2694 431 2772; x_wconf 68' lang='grc' dir='ltr'><strong><em>καίπερ]</em></strong></span> <span class='ocrx_word' id='word_1_207' title='bbox 452 2691 549 2767; x_wconf 71' lang='grc' dir='ltr'><strong><em>ὥσπερ</em></strong></span> <span class='ocrx_word' id='word_1_208' title='bbox 566 2695 598 2750; x_wconf 74' lang='grc' dir='ltr'><strong>ἐν</strong></span> <span class='ocrx_word' id='word_1_209' title='bbox 614 2697 703 2751; x_wconf 72' lang='grc' dir='ltr'><strong><em>τινοῖν</em></strong></span> <span class='ocrx_word' id='word_1_210' title='bbox 722 2694 768 2749; x_wconf 75' lang='lat' dir='ltr'><strong>tt?</strong></span> 
     </span>
    </p>
   </div>
   <div class='ocr_carea' id='block_1_4' title="bbox 175 2856 1277 4209">
    <p class='ocr_par' dir='ltr' id='par_1_6' title="bbox 175 2856 1277 4209">
     <span class='ocr_line' id='line_1_25' title="bbox 183 2856 1276 2931; baseline -0.003 -19"><span class='ocrx_word' id='word_1_211' title='bbox 183 2859 255 2915; x_wconf 77' lang='lat' dir='ltr'><strong>narei.</strong></span> <span class='ocrx_word' id='word_1_212' title='bbox 271 2876 334 2912; x_wconf 83' lang='lat' dir='ltr'><strong>nam</strong></span> <span class='ocrx_word' id='word_1_213' title='bbox 343 2866 455 2931; x_wconf 89' lang='lat' dir='ltr'><strong>propter</strong></span> <span class='ocrx_word' id='word_1_214' title='bbox 473 2859 672 2911; x_wconf 80' lang='lat' dir='ltr'><strong>exhalationem</strong></span> <span class='ocrx_word' id='word_1_215' title='bbox 690 2858 773 2910; x_wconf 83' lang='lat' dir='ltr'><strong>illam·</strong></span> <span class='ocrx_word' id='word_1_216' title='bbox 782 2858 919 2931; x_wconf 78' lang='lat' dir='ltr'><strong>fumosam,</strong></span> <span class='ocrx_word' id='word_1_217' title='bbox 937 2876 1006 2930; x_wconf 88' lang='lat' dir='ltr'><strong>quae</strong></span> <span class='ocrx_word' id='word_1_218' title='bbox 1025 2861 1055 2912; x_wconf 92' lang='lat' dir='ltr'><strong>in</strong></span> <span class='ocrx_word' id='word_1_219' title='bbox 1077 2874 1109 2911; x_wconf 91' lang='lat' dir='ltr'><strong>eo</strong></span> <span class='ocrx_word' id='word_1_220' title='bbox 1129 2856 1169 2920; x_wconf 80' lang='lat' dir='ltr'><strong>fis,</strong></span> <span class='ocrx_word' id='word_1_221' title='bbox 1187 2873 1276 2927; x_wconf 79' lang='lat' dir='ltr'><strong>quae-</strong></span> 
     </span>
     <span class='ocr_line' id='line_1_26' title="bbox 184 2929 1276 3001; baseline 0.001 -19"><span class='ocrx_word' id='word_1_222' title='bbox 184 2948 238 3001; x_wconf 91' lang='lat' dir='ltr'><strong>que</strong></span> <span class='ocrx_word' id='word_1_223' title='bbox 254 2932 341 2984; x_wconf 80' lang='lat' dir='ltr'><strong>veluti</strong></span> <span class='ocrx_word' id='word_1_224' title='bbox 360 2948 499 3001; x_wconf 89' lang='lat' dir='ltr'><strong>spumeum</strong></span> <span class='ocrx_word' id='word_1_225' title='bbox 516 2930 596 2984; x_wconf 83' lang='lat' dir='ltr'><strong>efficit</strong></span> <span class='ocrx_word' id='word_1_226' title='bbox 615 2939 644 2982; x_wconf 91' lang='lat' dir='ltr'><strong>et</strong></span> <span class='ocrx_word' id='word_1_227' title='bbox 661 2929 786 2982; x_wconf 79' lang='lat' dir='ltr'><strong>accendit</strong></span> <span class='ocrx_word' id='word_1_228' title='bbox 802 2947 874 2982; x_wconf 86' lang='lat' dir='ltr'><strong>mare</strong></span> <span class='ocrx_word' id='word_1_229' title='bbox 891 2948 921 2982; x_wconf 85' lang='lat' dir='ltr'><strong>ac</strong></span> <span class='ocrx_word' id='word_1_230' title='bbox 939 2932 1097 3001; x_wconf 75' lang='lat' dir='ltr'><strong>qualitatem</strong></span> <span class='ocrx_word' id='word_1_231' title='bbox 1115 2929 1141 2980; x_wconf 88' lang='lat' dir='ltr'><strong>ei</strong></span> <span class='ocrx_word' id='word_1_232' title='bbox 1158 2946 1276 2983; x_wconf 73' lang='lat' dir='ltr'><strong>amarem</strong></span> 
     </span>
     <span class='ocr_line' id='line_1_27' title="bbox 183 3000 1277 3071; baseline -0.002 -17"><span class='ocrx_word' id='word_1_233' title='bbox 183 3002 272 3065; x_wconf 87' lang='lat' dir='ltr'><strong>indit,</strong></span> <span class='ocrx_word' id='word_1_234' title='bbox 291 3001 400 3055; x_wconf 86' lang='lat' dir='ltr'><strong>tandem</strong></span> <span class='ocrx_word' id='word_1_235' title='bbox 424 3019 495 3071; x_wconf 83' lang='lat' dir='ltr'><strong>aqua</strong></span> <span class='ocrx_word' id='word_1_236' title='bbox 510 3002 579 3052; x_wconf 82' lang='lat' dir='ltr'><strong>salse</strong></span> <span class='ocrx_word' id='word_1_237' title='bbox 609 3001 782 3071; x_wconf 88' lang='lat' dir='ltr'><strong>reliquiarum</strong></span> <span class='ocrx_word' id='word_1_238' title='bbox 809 3003 886 3071; x_wconf 80' lang='lat' dir='ltr'><strong>quasi</strong></span> <span class='ocrx_word' id='word_1_239' title='bbox 903 3002 1069 3071; x_wconf 79' lang='lat' dir='ltr'><strong>quarundam</strong></span> <span class='ocrx_word' id='word_1_240' title='bbox 1085 3001 1168 3052; x_wconf 85' lang='lat' dir='ltr'><strong>instar</strong></span> <span class='ocrx_word' id='word_1_241' title='bbox 1188 3000 1277 3052; x_wconf 87' lang='lat' dir='ltr'><strong>relin-</strong></span> 
     </span>
     <span class='ocr_line' id='line_1_28' title="bbox 184 3071 1277 3144; baseline 0.001 -19"><span class='ocrx_word' id='word_1_242' title='bbox 184 3075 285 3144; x_wconf 85' lang='lat' dir='ltr'><strong>quitur.</strong></span> <span class='ocrx_word' id='word_1_243' title='bbox 304 3081 332 3124; x_wconf 90' lang='lat' dir='ltr'><strong>et</strong></span> <span class='ocrx_word' id='word_1_244' title='bbox 358 3072 473 3124; x_wconf 85' lang='lat' dir='ltr'><strong>fluvialis</strong></span> <span class='ocrx_word' id='word_1_245' title='bbox 504 3071 614 3139; x_wconf 90' lang='lat' dir='ltr'><strong>quidem</strong></span> <span class='ocrx_word' id='word_1_246' title='bbox 632 3088 702 3142; x_wconf 82' lang='lat' dir='ltr'><strong>aquo</strong></span> <span class='ocrx_word' id='word_1_247' title='bbox 726 3071 812 3124; x_wconf 87' lang='lat' dir='ltr'><strong>nihilo</strong></span> <span class='ocrx_word' id='word_1_248' title='bbox 831 3074 916 3124; x_wconf 88' lang='lat' dir='ltr'><strong>secius</strong></span> <span class='ocrx_word' id='word_1_249' title='bbox 934 3074 1004 3125; x_wconf 81' lang='lat' dir='ltr'><strong>salsa</strong></span> <span class='ocrx_word' id='word_1_250' title='bbox 1021 3072 1193 3132; x_wconf 79' lang='lat' dir='ltr'><strong>redderetur,</strong></span> <span class='ocrx_word' id='word_1_251' title='bbox 1212 3087 1277 3126; x_wconf 85' lang='lat' dir='ltr'><strong>cum</strong></span> 
     </span>
     <span class='ocr_line' id='line_1_29' title="bbox 184 3142 1277 3213; baseline -0.003 -17"><span class='ocrx_word' id='word_1_252' title='bbox 184 3154 214 3197; x_wconf 89' lang='lat' dir='ltr'><strong>et</strong></span> <span class='ocrx_word' id='word_1_253' title='bbox 232 3146 290 3213; x_wconf 84' lang='lat' dir='ltr'><strong>ipsa</strong></span> <span class='ocrx_word' id='word_1_254' title='bbox 307 3144 406 3195; x_wconf 83' lang='lat' dir='ltr'><strong>sentiat</strong></span> <span class='ocrx_word' id='word_1_255' title='bbox 423 3142 606 3195; x_wconf 74' lang='lat' dir='ltr'><strong>exhalationes</strong></span> <span class='ocrx_word' id='word_1_256' title='bbox 624 3159 655 3193; x_wconf 86' lang='lat' dir='ltr'><strong>ae</strong></span> <span class='ocrx_word' id='word_1_257' title='bbox 680 3152 789 3195; x_wconf 85' lang='lat' dir='ltr'><strong>uretur:</strong></span> <span class='ocrx_word' id='word_1_258' title='bbox 810 3161 902 3195; x_wconf 84' lang='lat' dir='ltr'><strong>verum</strong></span> <span class='ocrx_word' id='word_1_259' title='bbox 923 3145 951 3195; x_wconf 90' lang='lat' dir='ltr'><strong>id</strong></span> <span class='ocrx_word' id='word_1_260' title='bbox 968 3153 1055 3196; x_wconf 87' lang='lat' dir='ltr'><strong>motus</strong></span> <span class='ocrx_word' id='word_1_261' title='bbox 1074 3144 1156 3213; x_wconf 85' lang='lat' dir='ltr'><strong>ipsius</strong></span> <span class='ocrx_word' id='word_1_262' title='bbox 1173 3158 1277 3210; x_wconf 86' lang='lat' dir='ltr'><strong>perpe-</strong></span> 
     </span>
     <span class='ocr_line' id='line_1_30' title="bbox 183 3213 1277 3285; baseline -0.002 -18"><span class='ocrx_word' id='word_1_263' title='bbox 183 3223 247 3267; x_wconf 82' lang='lat' dir='ltr'><strong>tuus</strong></span> <span class='ocrx_word' id='word_1_264' title='bbox 267 3213 342 3265; x_wconf 87' lang='lat' dir='ltr'><strong>haud</strong></span> <span class='ocrx_word' id='word_1_265' title='bbox 364 3213 496 3266; x_wconf 89' lang='lat' dir='ltr'><strong>concedit.</strong></span> <span class='ocrx_word' id='word_1_266' title='bbox 522 3221 551 3265; x_wconf 83' lang='lat' dir='ltr'><strong>at</strong></span> <span class='ocrx_word' id='word_1_267' title='bbox 569 3230 642 3265; x_wconf 84' lang='lat' dir='ltr'><strong>mare</strong></span> <span class='ocrx_word' id='word_1_268' title='bbox 662 3231 778 3266; x_wconf 84' lang='lat' dir='ltr'><strong>concavo</strong></span> <span class='ocrx_word' id='word_1_269' title='bbox 794 3214 824 3267; x_wconf 91' lang='lat' dir='ltr'><strong>in</strong></span> <span class='ocrx_word' id='word_1_270' title='bbox 844 3216 905 3268; x_wconf 91' lang='lat' dir='ltr'><strong>loco</strong></span> <span class='ocrx_word' id='word_1_271' title='bbox 923 3224 1090 3285; x_wconf 77' lang='lat' dir='ltr'><strong>restagnans,</strong></span> <span class='ocrx_word' id='word_1_272' title='bbox 1110 3225 1138 3266; x_wconf 87' lang='lat' dir='ltr'><strong>et</strong></span> <span class='ocrx_word' id='word_1_273' title='bbox 1154 3228 1277 3265; x_wconf 85' lang='lat' dir='ltr'><strong>seorsum</strong></span> 
     </span>
     <span class='ocr_line' id='line_1_31' title="bbox 183 3284 1277 3354; baseline -0.001 -17"><span class='ocrx_word' id='word_1_274' title='bbox 183 3301 296 3337; x_wconf 78' lang='lat' dir='ltr'><strong>manens</strong></span> <span class='ocrx_word' id='word_1_275' title='bbox 315 3302 346 3335; x_wconf 84' lang='lat' dir='ltr'><strong>ac</strong></span> <span class='ocrx_word' id='word_1_276' title='bbox 371 3286 515 3347; x_wconf 75' lang='lat' dir='ltr'><strong>insistens,</strong></span> <span class='ocrx_word' id='word_1_277' title='bbox 540 3284 620 3336; x_wconf 81' lang='lat' dir='ltr'><strong>facile</strong></span> <span class='ocrx_word' id='word_1_278' title='bbox 638 3286 779 3354; x_wconf 77' lang='lat' dir='ltr'><strong>salsuginis</strong></span> <span class='ocrx_word' id='word_1_279' title='bbox 798 3303 889 3338; x_wconf 81' lang='lat' dir='ltr'><strong>causas</strong></span> <span class='ocrx_word' id='word_1_280' title='bbox 907 3287 1032 3340; x_wconf 74' lang='lat' dir='ltr'><strong>admittit.</strong></span> <span class='ocrx_word' id='word_1_281' title='bbox 1051 3285 1120 3337; x_wconf 85' lang='lat' dir='ltr'><strong>hanc</strong></span> <span class='ocrx_word' id='word_1_282' title='bbox 1142 3285 1277 3336; x_wconf 81' lang='lat' dir='ltr'><strong>rationem</strong></span> 
     </span>
     <span class='ocr_line' id='line_1_32' title="bbox 183 3354 1277 3428; baseline -0.005 -20"><span class='ocrx_word' id='word_1_283' title='bbox 183 3364 303 3408; x_wconf 82' lang='lat' dir='ltr'><strong>nostram</strong></span> <span class='ocrx_word' id='word_1_284' title='bbox 318 3354 450 3407; x_wconf 79' lang='lat' dir='ltr'><strong>lohannes</strong></span> <span class='ocrx_word' id='word_1_285' title='bbox 469 3356 649 3407; x_wconf 80' lang='lat' dir='ltr'><strong>Damascenus</strong></span> <span class='ocrx_word' id='word_1_286' title='bbox 668 3357 821 3422; x_wconf 78' lang='lat' dir='ltr'><strong>confirmat,</strong></span> <span class='ocrx_word' id='word_1_287' title='bbox 844 3376 903 3410; x_wconf 85' lang='lat' dir='ltr'><strong>cum</strong></span> <span class='ocrx_word' id='word_1_288' title='bbox 926 3360 1016 3428; x_wconf 88' lang='lat' dir='ltr'><strong>inquit</strong></span> <span class='ocrx_word' id='word_1_289' title='bbox 1032 3373 1165 3421; x_wconf 86' lang='lat' dir='ltr'><strong>„oceanus</strong></span> <span class='ocrx_word' id='word_1_290' title='bbox 1181 3364 1277 3407; x_wconf 84' lang='lat' dir='ltr'><strong>caete.</strong></span> 
     </span>
     <span class='ocr_line' id='line_1_33' title="bbox 178 3425 1275 3500; baseline 0.002 -23"><span class='ocrx_word' id='word_1_291' title='bbox 178 3427 266 3496; x_wconf 82' lang='lat' dir='ltr'><strong>roqui</strong></span> <span class='ocrx_word' id='word_1_292' title='bbox 286 3425 414 3494; x_wconf 85' lang='lat' dir='ltr'><strong>potabilis</strong></span> <span class='ocrx_word' id='word_1_293' title='bbox 443 3443 474 3476; x_wconf 87' lang='lat' dir='ltr'><strong>nc</strong></span> <span class='ocrx_word' id='word_1_294' title='bbox 494 3426 580 3477; x_wconf 87' lang='lat' dir='ltr'><strong>dulcis</strong></span> <span class='ocrx_word' id='word_1_295' title='bbox 597 3427 665 3478; x_wconf 82' lang='lat' dir='ltr'><strong>mari</strong></span> <span class='ocrx_word' id='word_1_296' title='bbox 688 3444 785 3496; x_wconf 80' lang='lat' dir='ltr'><strong>equum</strong></span> <span class='ocrx_word' id='word_1_297' title='bbox 802 3429 965 3500; x_wconf 86' lang='lat' dir='ltr'><strong>suppeditat</strong></span> <span class='ocrx_word' id='word_1_298' title='bbox 983 3446 1074 3481; x_wconf 83' lang='lat' dir='ltr'><strong>verum</strong></span> <span class='ocrx_word' id='word_1_299' title='bbox 1095 3443 1156 3479; x_wconf 88' lang='lat' dir='ltr'><strong>cum</strong></span> <span class='ocrx_word' id='word_1_300' title='bbox 1174 3443 1206 3477; x_wconf 87' lang='lat' dir='ltr'><strong>ea</strong></span> <span class='ocrx_word' id='word_1_301' title='bbox 1224 3426 1275 3479; x_wconf 88' lang='lat' dir='ltr'><strong>diu</strong></span> 
     </span>
     <span class='ocr_line' id='line_1_34' title="bbox 184 3497 1275 3567; baseline 0.003 -18"><span class='ocrx_word' id='word_1_302' title='bbox 184 3498 239 3549; x_wconf 84' lang='lat' dir='ltr'><strong>iam</strong></span> <span class='ocrx_word' id='word_1_303' title='bbox 257 3514 311 3548; x_wconf 90' lang='lat' dir='ltr'><strong>uuo</strong></span> <span class='ocrx_word' id='word_1_304' title='bbox 331 3497 442 3549; x_wconf 82' lang='lat' dir='ltr'><strong>insistet</strong></span> <span class='ocrx_word' id='word_1_305' title='bbox 459 3497 519 3548; x_wconf 90' lang='lat' dir='ltr'><strong>loco</strong></span> <span class='ocrx_word' id='word_1_306' title='bbox 537 3514 588 3548; x_wconf 90' lang='lat' dir='ltr'><strong>nec</strong></span> <span class='ocrx_word' id='word_1_307' title='bbox 605 3507 759 3563; x_wconf 82' lang='lat' dir='ltr'><strong>moveatur,</strong></span> <span class='ocrx_word' id='word_1_308' title='bbox 779 3502 929 3563; x_wconf 80' lang='lat' dir='ltr'><strong>amarescit,</strong></span> <span class='ocrx_word' id='word_1_309' title='bbox 945 3501 1003 3552; x_wconf 85' lang='lat' dir='ltr'><strong>sole</strong></span> <span class='ocrx_word' id='word_1_310' title='bbox 1020 3501 1124 3552; x_wconf 87' lang='lat' dir='ltr'><strong>seilicet</strong></span> <span class='ocrx_word' id='word_1_311' title='bbox 1139 3507 1275 3567; x_wconf 81' lang='lat' dir='ltr'><strong>perpetuo</strong></span> 
     </span>
     <span class='ocr_line' id='line_1_35' title="bbox 186 3566 1276 3642; baseline 0.002 -23"><span class='ocrx_word' id='word_1_312' title='bbox 186 3568 261 3638; x_wconf 90' lang='lat' dir='ltr'><strong>quod</strong></span> <span class='ocrx_word' id='word_1_313' title='bbox 280 3566 405 3619; x_wconf 87' lang='lat' dir='ltr'><strong>subtilius</strong></span> <span class='ocrx_word' id='word_1_314' title='bbox 424 3576 466 3619; x_wconf 90' lang='lat' dir='ltr'><strong>est</strong></span> <span class='ocrx_word' id='word_1_315' title='bbox 483 3566 673 3631; x_wconf 77' lang='lat' dir='ltr'><strong>exhauriente,</strong></span> <span class='ocrx_word' id='word_1_316' title='bbox 692 3569 811 3640; x_wconf 87' lang='lat' dir='ltr'><strong>itemque</strong></span> <span class='ocrx_word' id='word_1_317' title='bbox 835 3570 992 3642; x_wconf 83' lang='lat' dir='ltr'><strong>siphonibus</strong></span> <span class='ocrx_word' id='word_1_318' title='bbox 1010 3568 1276 3641; x_wconf 83' lang='lat' dir='ltr'><strong>quasiquibusdam,</strong></span> 
     </span>
     <span class='ocr_line' id='line_1_36' title="bbox 185 3637 1276 3714; baseline 0.004 -26"><span class='ocrx_word' id='word_1_319' title='bbox 185 3637 260 3690; x_wconf 88' lang='lat' dir='ltr'><strong>unde</strong></span> <span class='ocrx_word' id='word_1_320' title='bbox 278 3637 363 3714; x_wconf 73' lang='lat' dir='ltr'><strong>nubes</strong></span> <span class='ocrx_word' id='word_1_321' title='bbox 392 3639 511 3690; x_wconf 84' lang='lat' dir='ltr'><strong>existunt</strong></span> <span class='ocrx_word' id='word_1_322' title='bbox 535 3649 564 3690; x_wconf 87' lang='lat' dir='ltr'><strong>et</strong></span> <span class='ocrx_word' id='word_1_323' title='bbox 578 3639 687 3707; x_wconf 81' lang='lat' dir='ltr'><strong>pluviae</strong></span> <span class='ocrx_word' id='word_1_324' title='bbox 713 3641 868 3710; x_wconf 77' lang='lat' dir='ltr'><strong>gignuntur,</strong></span> <span class='ocrx_word' id='word_1_325' title='bbox 891 3659 961 3711; x_wconf 81' lang='lat' dir='ltr'><strong>aqua</strong></span> <span class='ocrx_word' id='word_1_326' title='bbox 986 3643 1073 3694; x_wconf 82' lang='lat' dir='ltr'><strong>veluti</strong></span> <span class='ocrx_word' id='word_1_327' title='bbox 1089 3641 1276 3711; x_wconf 77' lang='lat' dir='ltr'><strong>persolutione</strong></span> 
     </span>
     <span class='ocr_line' id='line_1_37' title="bbox 186 3708 1276 3779; baseline 0.005 -20"><span class='ocrx_word' id='word_1_328' title='bbox 186 3709 303 3779; x_wconf 86' lang='lat' dir='ltr'><strong>quadam</strong></span> <span class='ocrx_word' id='word_1_329' title='bbox 320 3709 469 3762; x_wconf 82' lang='lat' dir='ltr'><strong>edulcata.”</strong></span> <span class='ocrx_word' id='word_1_330' title='bbox 491 3708 586 3762; x_wconf 86' lang='lat' dir='ltr'><strong>eodem</strong></span> <span class='ocrx_word' id='word_1_331' title='bbox 607 3711 688 3763; x_wconf 89' lang='lat' dir='ltr'><strong>modo</strong></span> <span class='ocrx_word' id='word_1_332' title='bbox 713 3721 741 3764; x_wconf 91' lang='lat' dir='ltr'><strong>et</strong></span> <span class='ocrx_word' id='word_1_333' title='bbox 758 3713 872 3767; x_wconf 80' lang='lat' dir='ltr'><strong>Sineites</strong></span> <span class='ocrx_word' id='word_1_334' title='bbox 891 3714 1044 3765; x_wconf 73' lang='lat' dir='ltr'><strong>Anastasius</strong></span> <span class='ocrx_word' id='word_1_335' title='bbox 1063 3715 1091 3764; x_wconf 92' lang='lat' dir='ltr'><strong>in</strong></span> <span class='ocrx_word' id='word_1_336' title='bbox 1109 3720 1276 3764; x_wconf 83' lang='lat' dir='ltr'><strong>commenta-</strong></span> 
     </span>
     <span class='ocr_line' id='line_1_38' title="bbox 185 3779 1276 3854; baseline 0.002 -23"><span class='ocrx_word' id='word_1_337' title='bbox 185 3781 226 3831; x_wconf 89' lang='lat' dir='ltr'><strong>rio</strong></span> <span class='ocrx_word' id='word_1_338' title='bbox 244 3798 293 3833; x_wconf 89' lang='lat' dir='ltr'><strong>suo</strong></span> <span class='ocrx_word' id='word_1_339' title='bbox 312 3779 347 3832; x_wconf 91' lang='lat' dir='ltr'><strong>de</strong></span> <span class='ocrx_word' id='word_1_340' title='bbox 366 3781 691 3851; x_wconf 80' lang='lat' dir='ltr'><strong>sexprimorumdierum</strong></span> <span class='ocrx_word' id='word_1_341' title='bbox 709 3784 834 3853; x_wconf 89' lang='lat' dir='ltr'><strong>operibus</strong></span> <span class='ocrx_word' id='word_1_342' title='bbox 852 3784 922 3836; x_wconf 85' lang='lat' dir='ltr'><strong>hanc</strong></span> <span class='ocrx_word' id='word_1_343' title='bbox 939 3801 994 3836; x_wconf 86' lang='lat' dir='ltr'><strong>rem</strong></span> <span class='ocrx_word' id='word_1_344' title='bbox 1013 3785 1137 3854; x_wconf 83' lang='lat' dir='ltr'><strong>explicat</strong></span> <span class='ocrx_word' id='word_1_345' title='bbox 1157 3785 1276 3846; x_wconf 84' lang='lat' dir='ltr'><strong>‚,mare‚&#39;&#39;</strong></span> 
     </span>
     <span class='ocr_line' id='line_1_39' title="bbox 184 3851 1277 3927; baseline 0.004 -26"><span class='ocrx_word' id='word_1_346' title='bbox 184 3852 293 3920; x_wconf 81' lang='lat' dir='ltr'><strong>inquit,</strong></span> <span class='ocrx_word' id='word_1_347' title='bbox 318 3860 394 3916; x_wconf 83' lang='lat' dir='ltr'><strong>„erat</strong></span> <span class='ocrx_word' id='word_1_348' title='bbox 418 3853 495 3905; x_wconf 89' lang='lat' dir='ltr'><strong>initio</strong></span> <span class='ocrx_word' id='word_1_349' title='bbox 525 3851 620 3918; x_wconf 88' lang='lat' dir='ltr'><strong>dulce,</strong></span> <span class='ocrx_word' id='word_1_350' title='bbox 642 3855 829 3927; x_wconf 86' lang='lat' dir='ltr'><strong>liquoremque</strong></span> <span class='ocrx_word' id='word_1_351' title='bbox 856 3855 1004 3925; x_wconf 83' lang='lat' dir='ltr'><strong>potabilem</strong></span> <span class='ocrx_word' id='word_1_352' title='bbox 1031 3854 1195 3907; x_wconf 81' lang='lat' dir='ltr'><strong>continebat</strong></span> <span class='ocrx_word' id='word_1_353' title='bbox 1224 3853 1277 3906; x_wconf 88' lang='lat' dir='ltr'><strong>sed</strong></span> 
     </span>
     <span class='ocr_line' id='line_1_40' title="bbox 175 3920 1276 3998; baseline 0.002 -25"><span class='ocrx_word' id='word_1_354' title='bbox 175 3920 348 3991; x_wconf 81' lang='lat' dir='ltr'><strong>deincepsa</strong></span> <span class='ocrx_word' id='word_1_355' title='bbox 377 3922 541 3994; x_wconf 89' lang='lat' dir='ltr'><strong>temporibus</strong></span> <span class='ocrx_word' id='word_1_356' title='bbox 569 3923 744 3979; x_wconf 76' lang='lat' dir='ltr'><strong>diuturnitate</strong></span> <span class='ocrx_word' id='word_1_357' title='bbox 774 3945 805 3980; x_wconf 84' lang='lat' dir='ltr'><strong>ac</strong></span> <span class='ocrx_word' id='word_1_358' title='bbox 825 3927 966 3979; x_wconf 87' lang='lat' dir='ltr'><strong>elementis</strong></span> <span class='ocrx_word' id='word_1_359' title='bbox 984 3928 1049 3998; x_wconf 89' lang='lat' dir='ltr'><strong>ipsis</strong></span> <span class='ocrx_word' id='word_1_360' title='bbox 1068 3943 1127 3978; x_wconf 82' lang='lat' dir='ltr'><strong>enm</strong></span> <span class='ocrx_word' id='word_1_361' title='bbox 1144 3925 1276 3977; x_wconf 75' lang='lat' dir='ltr'><strong>mastatio-</strong></span> 
     </span>
     <span class='ocr_line' id='line_1_41' title="bbox 185 3994 1276 4066; baseline 0.004 -24"><span class='ocrx_word' id='word_1_362' title='bbox 185 4009 249 4043; x_wconf 90' lang='lat' dir='ltr'><strong>nem</strong></span> <span class='ocrx_word' id='word_1_363' title='bbox 268 3994 385 4063; x_wconf 87' lang='lat' dir='ltr'><strong>accepit,</strong></span> <span class='ocrx_word' id='word_1_364' title='bbox 404 4012 483 4064; x_wconf 87' lang='lat' dir='ltr'><strong>quam</strong></span> <span class='ocrx_word' id='word_1_365' title='bbox 500 3994 581 4048; x_wconf 91' lang='lat' dir='ltr'><strong>modo</strong></span> <span class='ocrx_word' id='word_1_366' title='bbox 600 3998 757 4066; x_wconf 76' lang='lat' dir='ltr'><strong>experimur.</strong></span> <span class='ocrx_word' id='word_1_367' title='bbox 778 4015 839 4055; x_wconf 79' lang='lat' dir='ltr'><strong>nam</strong></span> <span class='ocrx_word' id='word_1_368' title='bbox 859 3999 900 4049; x_wconf 88' lang='lat' dir='ltr'><strong>eol</strong></span> <span class='ocrx_word' id='word_1_369' title='bbox 919 3999 1015 4049; x_wconf 72' lang='lat' dir='ltr'><strong>calore</strong></span> <span class='ocrx_word' id='word_1_370' title='bbox 1027 4016 1076 4051; x_wconf 92' lang='lat' dir='ltr'><strong>suo</strong></span> <span class='ocrx_word' id='word_1_371' title='bbox 1091 3998 1171 4048; x_wconf 87' lang='lat' dir='ltr'><strong>maris</strong></span> <span class='ocrx_word' id='word_1_372' title='bbox 1189 3994 1276 4047; x_wconf 78' lang='lat' dir='ltr'><strong>exha-</strong></span> 
     </span>
     <span class='ocr_line' id='line_1_42' title="bbox 185 4061 1277 4138; baseline 0.005 -24"><span class='ocrx_word' id='word_1_373' title='bbox 185 4061 301 4116; x_wconf 82' lang='lat' dir='ltr'><strong>lationes</strong></span> <span class='ocrx_word' id='word_1_374' title='bbox 327 4065 455 4134; x_wconf 83' lang='lat' dir='ltr'><strong>quasdam</strong></span> <span class='ocrx_word' id='word_1_375' title='bbox 472 4067 608 4131; x_wconf 76' lang='lat' dir='ltr'><strong>efficiens,</strong></span> <span class='ocrx_word' id='word_1_376' title='bbox 625 4086 656 4119; x_wconf 82' lang='lat' dir='ltr'><strong>ac</strong></span> <span class='ocrx_word' id='word_1_377' title='bbox 679 4077 782 4138; x_wconf 82' lang='lat' dir='ltr'><strong>pestem</strong></span> <span class='ocrx_word' id='word_1_378' title='bbox 803 4071 859 4119; x_wconf 78' lang='lat' dir='ltr'><strong>eius</strong></span> <span class='ocrx_word' id='word_1_379' title='bbox 878 4069 1025 4122; x_wconf 82' lang='lat' dir='ltr'><strong>dulciorem</strong></span> <span class='ocrx_word' id='word_1_380' title='bbox 1043 4068 1179 4122; x_wconf 69' lang='lat' dir='ltr'><strong>atnahens</strong></span> <span class='ocrx_word' id='word_1_381' title='bbox 1197 4075 1226 4118; x_wconf 86' lang='lat' dir='ltr'><strong>et</strong></span> <span class='ocrx_word' id='word_1_382' title='bbox 1244 4067 1277 4120; x_wconf 88' lang='lat' dir='ltr'><strong>in</strong></span> 
     </span>
     <span class='ocr_line' id='line_1_43' title="bbox 178 4134 1275 4209; baseline 0.005 -24"><span class='ocrx_word' id='word_1_383' title='bbox 178 4139 249 4187; x_wconf 76' lang='lat' dir='ltr'><strong>-aira</strong></span> <span class='ocrx_word' id='word_1_384' title='bbox 267 4134 385 4199; x_wconf 86' lang='lat' dir='ltr'><strong>tollens,</strong></span> <span class='ocrx_word' id='word_1_385' title='bbox 411 4136 487 4207; x_wconf 90' lang='lat' dir='ltr'><strong>quod</strong></span> <span class='ocrx_word' id='word_1_386' title='bbox 512 4139 692 4205; x_wconf 75' lang='lat' dir='ltr'><strong>gravissimum</strong></span> <span class='ocrx_word' id='word_1_387' title='bbox 719 4147 760 4192; x_wconf 85' lang='lat' dir='ltr'><strong>est</strong></span> <span class='ocrx_word' id='word_1_388' title='bbox 778 4148 860 4208; x_wconf 86' lang='lat' dir='ltr'><strong>atque</strong></span> <span class='ocrx_word' id='word_1_389' title='bbox 878 4141 989 4205; x_wconf 80' lang='lat' dir='ltr'><strong>salsius,</strong></span> <span class='ocrx_word' id='word_1_390' title='bbox 1006 4142 1111 4197; x_wconf 74' lang='lat' dir='ltr'><strong>intem</strong></span> <span class='ocrx_word' id='word_1_391' title='bbox 1134 4137 1275 4209; x_wconf 70' lang='lat' dir='ltr'><strong>relinquit</strong></span> 
     </span>
    </p>
   </div>
   <div class='ocr_carea' id='block_1_5' title="bbox 0 0 1398 4800">
    <p class='ocr_par' dir='ltr' id='par_1_7' title="bbox 0 0 1398 4800">
     <span class='ocr_line' id='line_1_44' title="bbox 0 0 1398 4800; baseline 0 0"><span class='ocrx_word' id='word_1_392' title='bbox 0 0 1398 4800; x_wconf 95' lang='lat' dir='ltr'><strong> </strong></span> 
     </span>
    </p>
   </div>
  </div>
 </body>
</html>
