2766 4800
232 207 284 308 14
499 292 501 297 ,
560 232 778 312 urcusnus
808 234 977 300 curcua.

225 388 401 472 γενομένης,
423 385 521 468 πολλή
541 385 706 471 καπνιόόης
727 387 944 471 άναθυμῖασις
963 389 1167 474 άναόιθοται,
1184 395 1239 462 καῖ
1258 397 1314 462 όιά

161 489 317 573 aquaricu
337 482 477 570 σφοδροὶ
498 479 607 566 άνεμοι
625 487 782 568 γίνονται,
804 481 823 549 ὅ
842 511 876 552 τε
896 493 1016 575 βορρᾶς
1036 495 1091 556 καί
1110 490 1129 554 ό
1149 493 1247 571 νότος.
1278 498 1316 562 ἐν

226 590 262 653 δὲ
284 592 348 659 τοῖς
371 579 564 659 όνατολικοῖς
593 588 649 649 καί
668 588 805 661 δυτικοῖς
827 589 960 672 χωρίοις
979 587 1163 672 κινούμενος
1186 591 1203 656 ό
1225 591 1316 678 ἥλιος

224 680 282 750 ούκ
302 687 340 770 ἑᾷ
360 685 458 763 ψύξιν
494 686 641 765 γενέσθαι
667 681 800 768 πολλήν,
826 691 882 751 καί
918 686 973 752 διά
999 692 1093 754 τούτο
1120 685 1194 756 ούτε
1214 693 1315 770 πολύς

222 782 315 860 όετὸς
334 787 453 867 γίνεται
473 777 547 846 ούτε
569 782 668 868 πολλὴ
694 784 714 868 ἦ
736 782 902 870 καπνύόης
923 787 1159 871 α’ναθυμάασις,
1181 787 1239 857 ἅτε
1257 796 1342 877 τῆςᾶ

222 888 280 967 γῆς
306 880 352 967 μή
390 884 646 966 διαβρεχομένης.
701 880 793 949 ἔνθεν
814 908 863 949 τοι
889 883 945 950 καὶ
963 888 1003 950 ού
1022 891 1160 975 σφοδροὶ
1174 893 1314 972 γίνονται

223 979 347 1066 ἄνεμοι,
388 980 467 1046 υἰλλά
488 980 543 1045 καί
561 979 682 1064 ἐτήσιοι
701 980 823 1068 βόρειοι
843 976 954 1067 άνεμοι
974 988 1112 1069 γίνονται
1135 994 1211 1070 μεθ’
1235 991 1315 1074 ἡμέ-

224 1108 284 1168 ρας
305 1081 403 1148 εἴκοοι
420 1085 476 1165 τῆς
496 1084 625 1165 θερινῆς
639 1084 768 1167 τροπῆς,
787 1081 869 1165 μετὰ
889 1083 947 1169 τήν
964 1089 1025 1151 τού
1045 1089 1223 1172 κυνάστρου
1244 1092 1315 1154 ε’πι-

195 1181 327 1267 Βτολήν.
379 1183 552 1264 τηνικαῦτα
579 1178 641 1266 γάρ
672 1183 730 1265 τῆς
749 1180 861 1266 χιόνος
882 1189 1036 1269 λυομένης
1057 1178 1157 1272 αύραι
1173 1189 1315 1271 γίνονται

222 1280 352 1368 ψυχραὶ
379 1277 510 1365 βόρειοι.
560 1281 617 1344 καῖ
634 1279 749 1346 τούτου
780 1279 878 1368 χάριν
899 1282 930 1348 οἱ
953 1288 1181 1373 διαληφθέντες
1199 1280 1362 1371 ἅνεμοιιο

223 1385 267 1470 τῷ
297 1383 398 1469 καιρῷ
425 1377 527 1467 τούτῳ
557 1382 630 1444 καθ’
647 1379 780 1446 ἕκαστον
801 1378 872 1457 ἔτος
901 1382 1100 1469 ἀπάρχονται
1116 1395 1216 1453 πνεῖν.
1259 1388 1317 1456 καὶ

157 1484 299 1566 verrens*
317 1482 376 1559 μὲν
404 1475 527 1544 τούτων
555 1472 676 1555 οὕτως·
718 1473 835 1563 άνεμον
856 1484 892 1546 δὲ
914 1489 990 1567 παρ’
1008 1482 1135 1573 Ὁμήρῳ
1157 1487 1316 1570 καλούμε-

222 1603 275 1646 νον
296 1577 436 1644 θύελλαν
460 1572 477 1639 ό
501 1576 719 1664 Ἀριστοτέλης
741 1582 874 1665 τυφῶνα
896 1589 1000 1664 καλεῖ,
1026 1582 1077 1647 ded
1101 1583 1137 1649 τό
1159 1583 1246 1668 παχύ
1268 1582 1314 1653 εἷ-

222 1703 275 1746 ναι
294 1676 328 1745 τό
350 1680 473 1758 πνεῦμα
492 1675 548 1740 καῖ
566 1675 664 1742 οἷονεί
682 1675 813 1744 τύπτειν
833 1682 873 1765 τῇ
892 1684 983 1768 φωνῇ
996 1678 1030 1748 τό
1048 1681 1240 1767 παρατυχόν.
1260 1689 1314 1752 αἰ·

220 1778 274 1843 τόα
297 1780 334 1842 di
366 1778 426 1840 τοῦ
445 1773 591 1859 τοιούτου
620 1777 739 1859 άνέμου
764 1777 857 1859 α’τμός
879 1790 997 1862 παχεῖα
1019 1774 1144 1846 ἄνωθεν
1164 1781 1227 1848 άπό
1248 1787 1313 1860 τοῖν
1326 1790 1362 1854 ι5

190 1879 324 1964 cusoria
346 1878 530 1963 φερομένη,
558 1874 622 1939 εἴτε
643 1873 721 1941 κατά
745 1877 802 1961 γῆς
833 1875 895 1942 εἴτε
923 1878 1004 1944 κατὰ
1028 1880 1211 1966 θαλάσσης,
1240 1881 1314 1967 ἥτις

217 1972 455 2063 προσπταῖουσά
476 1999 537 2041 τινι
563 1973 726 2064 ἀντιτύπῳ
747 1977 874 2059 στόματι
896 1977 1113 2044 α’ναπάλλεται
1134 1984 1180 2056 εἰς
1200 1983 1315 2048 rov’nr'·

217 2103 284 2159 σω,
306 2075 377 2141 ἐπεῖ
395 2077 431 2140 δὲ
453 2072 488 2140 τό
513 2075 773 2156 α’ναπαλλόμενον
795 2075 949 2142 κωλύεται
972 2080 1017 2154 εἰς
1036 2072 1176 2144 τούπῖσοο
1194 2092 1313 2166 χωρεῖν

216 2174 280 2241 ύπό
302 2179 360 2242 τοῦ
383 2166 517 2241 ὄπισθεν
537 2176 838 2256 ἐπακολουθοῦντος,
860 2178 914 2240 lui
933 2174 973 2241 τά
993 2178 1111 2259 πλάγια
1133 2181 1312 2264 διακλᾶται,

121 2297 123 2312 ·
217 2270 285 2340 εἶτα
316 2275 440 2339 κάκεῖσε
475 2269 634 2359 ἀντιτύπῳ
659 2272 884 2356 συναντήσασα
917 2270 1013 2338 πάλιν
1037 2276 1362 2364 όιασκορπιζεται,αο

216 2373 273 2438 κατ’
298 2375 417 2455 γίνεται
446 2366 581 2455 ἑλιξῖτης
612 2370 775 2457 συστροφὴ
812 2372 872 2436 τού
899 2373 1043 2457 α’νέμου,
1074 2380 1312 2461 μετεωρίζουσα

103 2466 106 2472 ’
203 2471 271 2538 καί
290 2470 354 2538 α’πό
383 2474 440 2557 γῆς
476 2468 531 2535 κατ’
558 2466 621 2534 α’πό
651 2468 814 2558 θαλάσσης
844 2467 885 2536 τά
917 2472 1141 2557 παρατυχόντα
1162 2475 1309 2560 σώματα.

191 2696 199 2709 ,
285 2667 329 2702 21.
347 2646 483 2711 ἔλιξῖτιςῖ

217 2791 252 2844 de
270 2789 371 2862 quihus
390 2787 485 2858 aquilo
497 2794 532 2838 ’et
548 2792 652 2847 auster,
678 2785 753 2836 venti
770 2784 851 2853 longe
868 2784 1100 2840 vehementissimi
1119 2791 1274 2860 gignuntur.
1293 2812 1310 2851 ο

214 2862 322 2914 diverso
350 2878 410 2914 cum
437 2861 465 2911 iu
488 2857 555 2909 locis
583 2856 771 2908 Orientalibus
806 2865 834 2907 et
855 2855 1080 2911 Occidentalibus
1104 2872 1240 2931 perpetuo
1266 2867 1310 2918 sol

212 2941 372 2997 moveatur,
401 2946 526 2999 magnum
547 2928 609 2978 istic
627 2927 710 2995 frigus
740 2926 806 2977 oriri
828 2943 883 2978 non
901 2929 1010 2997 patitur.
1032 2947 1087 3000 qua
1106 2931 1142 2983 de
1159 2950 1239 2987 csuss
1256 2954 1311 2989 nec

212 3005 371 3074 frequentes
390 3002 430 3054 ibi
452 2999 660 3071 ptumorum,
681 3013 733 3048 nec
747 2999 953 3066 evaporationes
971 3000 1040 3051 istae
1059 3001 1134 3054 fumo
1153 3007 1311 3060 consimiles

214 3077 383 3137 excitantur,
396 3089 458 3123 cnm
469 3072 529 3140 ipsa
545 3070 624 3121 etium
643 3078 713 3121 terra
729 3085 783 3121 uon
798 3067 944 3120 admodum
959 3071 995 3122 sit
1011 3072 1120 3141 irrigua.
1140 3075 1213 3127 unde
1228 3079 1309 3148 sequi

213 3144 404 3199 animadvertis
431 3158 489 3193 nou
505 3157 579 3192 seres
597 3141 797 3209 impetuososve
814 3148 909 3192 ventos
929 3141 994 3192 inde
1014 3146 1165 3212 provenire.
1185 3156 1310 3216 praeter-

212 3233 245 3268 ea
275 3216 351 3269 venti
372 3212 484 3285 quidam
513 3210 707 3273 anniversarii,
736 3227 805 3279 quos
823 3212 921 3263 etesias
938 3214 1094 3282 appellant,
1114 3216 1191 3285 iique
1209 3219 1309 3271 borea-

213 3288 270 3351 les,
289 3286 387 3337 diebus
415 3284 450 3335 ab
468 3284 572 3335 aestiva
600 3284 666 3335 solis
687 3283 864 3333 conversione
883 3282 999 3351 viginti,
1029 3284 1080 3336 sub
1098 3289 1190 3338 canini
1208 3289 1307 3342 sideris

213 3367 303 3410 ortum
323 3357 439 3408 existere
457 3354 555 3407 solent.
572 3370 636 3405 nam
656 3369 716 3404 curn
735 3351 765 3403 id
782 3353 913 3422 temporis
931 3355 1006 3407 nives
1025 3357 1240 3426 colliquescunt,
1258 3378 1309 3412 au.

213 3445 260 3481 rso
282 3427 416 3500 quaedam
434 3424 548 3494 frigidae
576 3442 607 3476 uc
626 3422 751 3476 boreales
772 3423 934 3476 cfficiuntur.
954 3443 1025 3496 quae
1046 3445 1123 3479 causa
1143 3437 1186 3482 est
1202 3440 1234 3483 ut
1248 3440 1309 3484 tum

212 3502 301 3562 venti,
348 3516 396 3550 uos
425 3496 619 3559 indicavimus,
645 3497 712 3548 flare
742 3495 856 3563 singulis
878 3496 956 3548 annis
974 3498 1029 3549 inci
1052 3499 1116 3551 iant
1137 3509 1166 3552 st
1187 3516 1221 3552 us
1239 3501 1310 3556 haec

213 3571 249 3623 de
268 3572 311 3623 his
329 3516 403 3621 dicta
419 3575 509 3620 sunto.
527 3575 664 3619 caeterum
690 3574 800 3617 ventum
820 3567 899 3618 illum
918 3584 1000 3637 quem
1021 3516 1152 3635 dyeltam
1199 3589 1309 3626 omerus

212 3643 350 3712 appellat,
377 3638 538 3709 Typhonem
565 3647 644 3691 vocat
661 3637 838 3701 Aristoteles,
851 3637 958 3708 (Latini
977 3640 1143 3712 turbinem),
1161 3653 1309 3713 propterea

212 3712 287 3783 quod
304 3712 385 3763 fletus
404 3712 463 3780 ipse
490 3727 593 3762 crassus
614 3711 662 3774 sit,
684 3708 818 3778 quasique
844 3725 911 3760 sono
927 3726 976 3760 suo
995 3709 1120 3763 verberet
1136 3711 1165 3762 id
1184 3714 1214 3766 in
1231 3716 1309 3784 quod

211 3783 318 3835 incidit
338 3784 396 3834 eius
421 3782 496 3834 venti
515 3789 655 3834 causaest
683 3796 767 3849 vapor
788 3778 899 3849 quidam
920 3797 1048 3845 crassus,
1067 3799 1172 3835 sursum
1192 3801 1207 3835 e
1224 3787 1309 3838 nubi.

212 3853 264 3907 bus
290 3854 415 3914 deletus,
441 3856 497 3905 sive
521 3853 573 3905 hoc
603 3859 675 3905 terra
694 3851 743 3902 fiat
775 3851 832 3904 sive
853 3851 936 3912 mari,
964 3852 1013 3921 qui
1037 3851 1149 3922 quidem
1174 3873 1258 3925 vapor
1277 3859 1309 3910 in

212 3942 309 3994 corpus
336 3924 450 3994 aliquod
468 3924 586 3977 solidum
614 3933 642 3975 et
661 3922 796 3975 obsistens
824 3921 912 3973 illisus
930 3930 1003 3973 retro
1024 3931 1175 3992 torquetur.
1195 3929 1309 3996 etquis

211 3996 333 4065 pervim
359 4004 431 4047 retro
451 4005 525 4047 actus
544 3997 589 4047 hic
610 4013 693 4065 vapor
716 3992 813 4044 cedere
834 3992 948 4062 nequit,
968 3992 1120 4047 obsistente
1136 3997 1212 4048 illico
1230 4000 1309 4067 quod

212 4084 228 4117 a
244 4076 321 4134 tergo
342 4068 466 4136 sequitur
482 4076 565 4137 utque
587 4069 719 4128 imminet,
738 4064 836 4115 iccirco
854 4063 940 4114 veluti
958 4063 1060 4117 fractus
1078 4067 1107 4118 in
1125 4075 1309 4122 transversum

213 4140 308 4207 agitur.
336 4136 384 4188 ubi
410 4138 543 4190 consimili
560 4137 649 4223 modovt
667 4144 795 4202 exceptus
815 4150 830 4182 s
848 4150 962 4202 corporo
989 4137 1120 4207 quopiam
1141 4137 1230 4189 solido
1248 4157 1311 4191 rur-
