2722 4800
388 283 601 349 ausurum
625 287 732 352 chus
764 291 790 350 1.
1053 266 1132 350 113

78 444 183 510 ruratica
202 439 471 524 παραμέμνυσθαι.
493 441 546 525 ἐφ’
566 428 591 527 ᾧ
610 436 667 512 τάς
686 440 812 522 ἐχίδνας
832 441 1131 528 παραλαμβάνομεν,

80 545 123 608 τάν
138 524 324 630 τήθοάροιέῳ
359 534 416 613 τάς
436 536 576 622 κεφαλάς
597 530 836 621 ἀποτέμνοντες,
857 541 892 606 ἐν
913 535 993 617 vici
1015 547 1132 608 κακάον

80 640 169 721 χυμός,
189 637 349 704 τουτέστιν
366 633 461 710 odric
478 634 497 698 ὅ
511 635 568 711 ι’άς.
608 633 667 712 τάς
680 639 780 719 μέσας
796 629 854 705 σάν
876 637 997 727 σάρκας
1018 644 1132 725 ἐκβάλ-

81 744 157 812 λοντες
172 734 373 820 ἰσχυρότερον
391 739 542 816 ποιοῦμεν
558 735 594 800 τά
618 733 796 823 φάρμακον.
994 730 1003 743 ”

65 835 77 896 5
141 837 174 902 Εἰ
191 839 225 899 δὲ
252 833 308 897 καί
328 828 402 897 ὅθεν
433 833 586 920 ἐπενοήθη
606 839 669 900 ταῖν
689 838 858 920 ἐχιδναέων
876 840 1001 920 σαρκῶν
1021 839 1043 925 ἦ
1062 841 1160 916 ἐπέ-ο

81 938 143 1012 ριξις
158 936 271 1009 ἐθέλεις
290 937 428 1015 μαθεῖν,
466 932 483 996 ά
504 933 590 1019 παρά
612 940 690 1000 πάσι
711 925 826 1018 σχεδὸν
848 937 1022 1023 φερόμενος
1044 939 1133 1025 λόγος

82 1036 214 1098 καὶτοῦτο
246 1027 307 1116 ήδη
330 1031 449 1110 διδάξει
475 1036 522 1104 σέ.
576 1034 697 1117 λέγεται
717 1033 779 1123 γάρ
812 1030 864 1100 ὅτι
883 1034 961 1102 κατά
982 1035 1037 1122 τήν
1056 1063 1133 1124 πρε-

83 1135 205 1215 σβυτέραν
220 1127 352 1213 Ῥώμην
368 1126 434 1219 άρρ
453 1132 568 1215 θέρους
588 1125 702 1217 ἄνδρες
728 1135 810 1211 τινὲς
840 1132 984 1218 στάχυας
1001 1135 1131 1209 ἔτιλλον.

83 1231 223 1295 καὶτοῦτο
242 1233 406 1304 ποιοῦντες
438 1232 526 1312 δέψει
549 1234 697 1313 ’γίνονται
717 1229 855 1317 κάτοχοι.
897 1232 994 1323 ταύτῃ
1012 1258 1061 1301 τοι
1079 1240 1134 1303 κατ’

50 1323 141 1407 macic
156 1328 271 1412 ἀγγεῖον
290 1325 418 1414 ἔτρεχον
440 1326 526 1395 οἴνου
546 1327 659 1413 μεστόν
666 1381 676 1412 ,
697 1332 872 1412 ἐλπίζοντες
892 1336 1012 1400 ἐκεῖθεν
1029 1339 1132 1401 daui-

84 1420 156 1507 λυγήν
172 1431 223 1512 τῆς
243 1430 341 1511 δι’ψης
361 1423 477 1511 εάρεῖν.
521 1430 590 1493 ἀλλ’
610 1429 794 1516 ἐσφάλησαν
814 1435 873 1497 τοῦ
896 1437 1033 1497 σκοποῦ·
1065 1432 1134 1516 ἔχις

83 1517 128 1603 γάρ
143 1519 251 1592 ἐκεῖθεν
273 1526 425 1611 αι’φνηδὸν
445 1524 648 1611 ἐκπηδήσασα
668 1531 724 1614 τής
745 1525 846 1615 δρμής
866 1529 981 1608 ου’τοάς
1005 1536 1135 1617 α’νεχαί-
1228 1537 1231 1553 ’

83 1638 138 1684 reor.
170 1624 251 1691 τίτό
266 1624 319 1689 ἐπὶ
338 1625 460 1702 τούτοις
468 1650 481 1706 ,·
505 1626 703 1708 λαμβάνουσι
723 1627 777 1694 τὸν
798 1625 881 1694 οἶνον
898 1622 956 1696 irai
975 1620 1133 1722 α’νθράπιρ

81 1719 127 1779 uri
142 1726 334 1811 λελαβημένρι
354 1722 516 1806 διδόασιν,
540 1724 583 1801 ὥς
609 1727 753 1793 ἐντεῦθεν
773 1727 871 1793 adria
889 1733 1006 1797 θάττον
1023 1734 1135 1816 ἐκσῐή·

46 1813 117 1874 ἰδέαι
133 1823 185 1886 τάν
203 1815 265 1888 ὧδε
287 1822 343 1887 καί
356 1821 401 1908 μή
424 1821 459 1889 τά
480 1826 536 1907 ζῆν
556 1820 658 1900 οὕτως
687 1822 772 1907 ἔχειν
792 1823 963 1894 ἐπώδυνον.
1008 1832 1135 1912 δέχεται

77 1906 119 2020 ’ἐν
138 1914 211 1987 οἶνον
239 1924 370 2004 ἐκεῖνος,
392 1925 468 2004 μεθ’
496 1923 610 2008 ἡδονῆς
630 1927 769 2013 έκροῳή,
791 1928 845 1990 καί
855 1931 1059 2011 παραχρῆμα
1078 1932 1131 2012 τῆς
1139 1961 1164 2014 1)

74 2023 153 2082 νοσου
176 2017 329 2107 λάτρεοσιν
357 2017 487 2103 εὕρατο.
542 2018 644 2086 ἔκτοτε
665 2017 724 2087 σάν
738 2021 778 2087 ἀἱ
799 2025 854 2107 τής
875 2026 1008 2108 ἐχίδνης
1020 2025 1133 2108 σάρκες
1229 2031 1231 2034 ’

72 2100 254 2185 ἐμβάλλονται
284 2123 328 2209 τῷ
348 2118 519 2208 φαρμάκῳ.
572 2120 653 2185 άλλά
676 2119 732 2185 καί
757 2120 916 2208 θηριακήν
936 2119 972 2186 τά
993 2109 1134 2187 τοιοῦτον

69 2199 111 2314 is&
133 2218 182 2295 τάς
199 2224 260 2284 τῶν
280 2223 401 2304 θηρίων
419 2216 536 2302 σάρκας
567 2215 819 2302 ἐπονομάζουσι,
842 2221 897 2286 καί
916 2216 965 2285 dcc
986 2229 1051 2297 τοῖς
1070 2221 1132 2286 άπά

32 2315 115 2364 '⁰¹⁰³'
138 2309 235 2402 ὄρειον
256 2319 393 2401 δήγμασι
415 2321 470 2382 καί
490 2320 578 2400 μάλα
599 2316 636 2384 τά
658 2322 802 2384 τοιοῦτον
821 2315 980 2405 άρμάττει.
1020 2323 1078 2404 τής
1098 2322 1146 2385 δὲ·

64 2413 193 2500 'hadrac
220 2415 408 2500 έπενσήσεως
438 2413 660 2501 Ἀνδρόμαχός
681 2441 730 2493 τις
761 2421 886 2504 γέγονεν
905 2417 1008 2497 αἴτιος
1016 2467 1026 2501 ,
1047 2417 1132 2484 καθά

61 2511 134 2581 Ψλῦι
153 2514 310 2600 Γαληνός,
332 2516 538 2598 συνακμάσας
557 2518 601 2606 τῷ
622 2519 756 2602 Νέρωνι.
945 2513 948 2521 ’

55 2823 91 2895 ‘Pr
110 2828 140 2884 id
159 2843 200 2886 est
219 2834 356 2886 theriacae
370 2828 502 2902 quaedam
519 2832 635 2885 misceri.
648 2848 703 2902 quo
716 2833 748 2884 fit
764 2841 795 2884 ut
811 2849 872 2885 cum
889 2833 925 2886 ad
943 2850 1020 2887 usum
1042 2851 1132 2888 eanum

52 2892 154 2959 ”Peras
173 2907 310 2967 sumimus,
328 2921 380 2956 una
400 2921 460 2955 cum
480 2902 565 2962 cauda
582 2912 665 2973 caput
680 2903 874 2974 praecidamus,
891 2905 991 2975 quibus
1005 2907 1033 2956 in
1047 2909 1134 2976 parti.

52 2946 100 3014 ΒΨ
118 2973 215 3027 humor
232 2977 292 3026 illm
307 2974 437 3038 deterior,
458 2976 586 3026 nimirum
607 2976 680 3026 virus
702 2975 801 3043 ipsum,
823 2975 922 3026 existit.
939 2976 1057 3046 ideoque
1075 2995 1134 3029 car·
1198 3008 1201 3015 »

50 3032 97 3085 ¹²⁸
117 3047 199 3098 medii
218 3047 336 3115 corporis
350 3055 506 3097 enecantes
523 3045 696 3114 pharmacum
707 3046 876 3115 praesentius
897 3045 1032 3099 efficimus.

67 3165 74 3178 ,
118 3117 224 3187 Quodsi
243 3119 323 3167 etiam
342 3116 410 3168 scire
422 3117 497 3185 cupis
513 3115 585 3173 unde
599 3117 714 3184 primum
735 3116 770 3166 rit
785 3124 883 3178 ortum,
903 3117 977 3185 quod
995 3115 1132 3170 theriacae
1192 3172 1197 3183 ,

49 3174 200 3249 'Jrerarum
222 3203 321 3238 carnee·
338 3187 494 3249 miscentur,
512 3185 564 3237 hoc
582 3188 669 3255 ipsum
688 3203 723 3237 erc
738 3193 803 3240 uota
820 3187 899 3253 vulgo
916 3189 1072 3245 narratione
1089 3189 1132 3240 sa-

48 3241 101 3298 ⁶¹¹0
122 3274 274 3328 cognosces.
295 3256 430 3328 proditum
449 3266 491 3308 est
511 3257 582 3309 enim
604 3257 750 3308 memoriae
775 3257 908 3326 quosdam
928 3258 1003 3310 iuxta
1020 3261 1132 3311 Romam

45 3314 182 3392 mtrem,
200 3345 262 3380 cum
279 3329 381 3380 aestivo
398 3335 521 3396 tempore
539 3327 626 3397 spicas
654 3327 805 3390 vellerent,
821 3328 866 3378 siti
885 3329 968 3380 fuisse
986 3339 1132 3399 correptos.

45 3382 141 3468 ¹f⁸fltre
167 3401 305 3451 vasculum
333 3397 368 3449 ad
396 3397 532 3468 quoddam
552 3398 616 3449 vino
642 3398 754 3467 plenum
772 3399 938 3463 cucurrisse,
957 3398 1033 3468 quod
1051 3416 1084 3451 eo
1102 3417 1133 3451 se

42 3457 120 3560 {Qu
136 3472 305 3522 extincturus
326 3477 473 3538 sperarent
492 3484 584 3519 verum
603 3484 634 3518 ea
652 3484 699 3537 spe
718 3468 864 3519 excidisse:
891 3486 953 3520 nam
974 3470 1066 3539 vipera
1086 3487 1133 3521 au-

38 3514 107 3632 h&
126 3540 191 3592 inde
218 3539 363 3610 prosilient
380 3540 504 3590 homines
521 3538 555 3589 ab
582 3539 707 3591 instituto
729 3537 880 3592 revocabat.
899 3538 965 3608 quid
983 3538 1133 3591 secundum

61 3606 114 3657 ³⁸0
140 3611 252 3663 evenit?
282 3618 392 3662 sumunt
411 3611 518 3673 vinum,
548 3608 633 3677 idque
656 3608 761 3660 cuidam
787 3609 891 3660 homini
908 3611 1005 3660 misere
1023 3609 1131 3661 adfecto

35 3662 197 3750 ¹³⁰‘rigunt
215 3690 251 3733 ut*
264 3681 314 3731 hoc
331 3688 412 3749 epoto
433 3681 513 3731 citius
531 3681 612 3731 tantis
631 3678 771 3732 doloribus
788 3679 958 3739 liberaretur,
975 3694 1026 3729 nec
1044 3697 1130 3748 usque

34 3729 117 3797 “¹00
136 3753 241 3804 tristem
263 3752 380 3820 amplius
404 3750 487 3802 vitam
518 3759 616 3817 ageret
643 3751 742 3819 accipit
769 3750 891 3801 oblatum
909 3749 958 3798 ille
975 3749 1083 3813 vinum,
1102 3760 1131 3804 ct

32 3804 103 3864 eu¹¹¹
125 3822 265 3893 volrrptate
278 3820 408 3873 exhaurit„
421 3837 485 3871 mox
501 3836 558 3870 sese
578 3820 672 3886 morbo
690 3819 801 3870 liberari
819 3817 1016 3872 animadvertit.
1034 3837 1130 3889 quam-

29 3864 141 3942 οιηερε
159 3892 194 3943 ab
212 3893 261 3944 illo
287 3900 409 3960 tempore
429 3906 521 3942 carnes
539 3890 677 3957 viperinae
694 3888 759 3940 huic
777 3889 920 3958 pharmaco
937 3888 1044 3943 misceri
1065 3909 1131 3942 cou-

26 3943 207 4046 ssueverum
228 3964 272 4014 cui
291 3963 425 4013 theriacae
442 3976 541 4012 nonreu
554 3959 648 4010 datum
668 3967 709 4009 est
728 3976 742 4008 a
762 3959 825 4009 feris
846 3967 927 4027 atque
946 3959 1049 4024 bestiis,
1068 3965 1131 4030 qui-

26 4023 90 4113 ,Μ
119 4035 152 4086 ad
170 4051 228 4084 earn
249 4030 442 4084 conficiendam
469 4032 577 4083 utimur.
598 4037 627 4080 et
645 4027 772 4080 conducit
789 4030 817 4079 in
835 4031 925 4084 uriruis
944 4029 978 4080 ad
996 4032 1130 4083 sanandos

40 4089 203 4168 ε’Ῥευῑυια
222 4120 331 4154 morsus.
350 4111 444 4154 auctor
463 4103 566 4155 inventi
584 4101 708 4169 princeps
723 4099 805 4151 fuisse
824 4100 908 4150 fertur
929 4100 1130 4155 andromachus
1162 4134 1163 4137 =

26 4150 175 4234 inuiam,
193 4183 224 4227 ut
243 4173 363 4227 Galenus
381 4172 504 4242 scripsit,
521 4173 568 4242 qui
588 4171 703 4224 Neronis
721 4178 810 4224 aetate
828 4172 903 4226 vixit.

117 4286 223 4352 δέχοιτο.
922 4280 939 4326 ⁸
