2766 4800
503 271 761 336 Puooenuun.
1124 273 1182 338 XV

108 452 135 492 cr
162 430 208 493 his
227 427 348 492 abunde
382 429 441 488 iam
464 425 583 510 liquere
609 426 738 509 Glycum
772 432 915 486 nmtnrm
942 425 1065 508 quosvis
1084 426 1181 509 apud

105 551 239 594 censores
258 529 349 591 facile
369 527 495 611 dignum
509 548 540 588 se
561 527 771 608 probaturum
793 526 847 609 qui
867 526 1038 588 Romanam
1055 527 1181 589 incivi.
1294 589 1306 599 ,

105 620 193 694 tatem
226 630 417 692 admittatur.
453 635 591 689 ceteram
619 635 655 688 ut
673 626 789 709 partim
819 647 880 688 non
903 638 1000 689 essent
1021 627 1076 712 qui
1098 629 1182 693 forte

102 753 146 793 res
167 733 206 793 ab
227 730 424 814 sequentibus
445 725 611 790 Iohannem
629 727 824 809 principibus
842 734 938 808 gestas
959 725 1179 803 desiderarent,

100 832 213 913 partim
233 840 270 892 ut
289 831 353 913 ipse
367 829 474 913 Glycas
495 848 532 890 eo
549 826 755 891 confidentius
776 827 809 889 iu
830 823 991 889 hominum
1005 829 1101 892 oculis
1122 829 1181 894 hac

99 933 188 992 etiam
219 928 487 992 commendatione
516 929 612 991 fretus
644 936 825 1012 appareret,
859 926 993 992 adiicere
1024 930 1181 1014 quoddam

99 1033 182 1094 velut
201 1025 369 1113 ἐπᾴιετρον
389 1028 426 1092 dc
448 1036 553 1092 nostro
575 1026 746 1109 voluimus,
777 1049 841 1112 quo
861 1049 967 1092 census
982 1030 1047 1093 eius
1066 1035 1181 1093 nonni.

97 1131 140 1194 hil
161 1138 339 1215 angeretur.
369 1128 409 1192 de
436 1130 610 1193 certissimis
627 1130 723 1192 ¹enim
750 1129 971 1212 scriptoribus,
1002 1130 1035 1192 in
1069 1132 1180 1215 quibus

97 1232 198 1294 locum
218 1230 310 1292 facile
328 1229 501 1314 principem
521 1228 662 1292 obtinent
682 1229 1069 1310 Choniatashcuminatns,
1089 1232 1181 1294 Nice.

96 1331 213 1414 phorm
225 1333 401 1414 Gregoras,
425 1330 577 1392 Laouicus
587 1328 787 1410 Atheniensis,
800 1330 999 1414 Byzantinam
1010 1329 1182 1412 historiam,

98 1432 184 1519 tilam
218 1432 311 1514 ipsius
331 1431 445 1515 Glyeac
464 1431 582 1509 secati,
611 1429 734 1494 adeius
756 1431 1181 1514 regniperTurcosevemi

98 1534 190 1594 tinem
204 1531 479 1610 conteraturque
500 1530 586 1616 quod
600 1534 729 1616 sparsim
743 1531 889 1593 hactenus
908 1540 940 1594 et
959 1553 994 1595 cx
1008 1531 1100 1596 variis
1123 1554 1180 1617 pe.
1206 1528 1209 1534 ’

94 1631 223 1695 tendum
245 1642 333 1712 erat,
368 1652 430 1693 uno
451 1633 511 1693 iam
531 1632 613 1693 libro
635 1631 798 1695 commode
821 1632 951 1695 lectores
972 1633 1179 1717 eomprehen.

91 1756 162 1796 sum
182 1732 366 1795 invenirent.
388 1731 471 1814 apud
490 1740 522 1794 tc
542 1754 640 1811 vero,
661 1732 812 1810 Domine,
834 1753 951 1794 novum
971 1732 1054 1795 hune
1080 1734 1180 1797 civem

91 1836 269 1896 Romanum
295 1833 333 1894 ah
354 1832 442 1893 initio
462 1834 569 1895 sistere
590 1830 694 1910 volni,
727 1831 811 1916 quod
830 1832 973 1894 futurum
991 1833 1083 1916 plane
1103 1835 1180 1897 mihi
1230 1839 1232 1844 ’

92 1932 328 2013 persuaderem,
348 1941 385 1992 ut
402 1932 427 1994 si
448 1932 526 2012 tibi,
547 1932 666 1994 censori
688 1931 785 2014 polito
813 1941 845 1993 et
865 1933 1071 2017 incorrupto,
1101 1957 1180 2018 pro.
1243 1918 1251 1946 ¹

96 2033 234 2111 bamtur,
256 2053 295 2094 eo
315 2032 432 2094 facilius
449 2032 582 2092 aliormn
594 2029 651 2092 sihi
671 2031 801 2111 gratiam
823 2040 916 2114 atque
933 2032 1180 2096 benevolentiam

96 2133 283 2195 conciliaret.
312 2141 476 2214 praeterea
498 2131 566 2192 iure
595 2128 731 2224 quodam
754 2137 810 2192 tuo
833 2130 941 2193 tibiae
963 2132 1072 2210 offert,
1093 2132 1179 2217 qaod

89 2231 226 2294 hominis
248 2253 346 2315 opera
378 2231 513 2314 degentis
535 2232 567 2292 iu
597 2240 651 2291 tua
667 2229 785 2291 'familia
803 2239 919 2292 vestem
937 2232 1108 2293 Romanam
1128 2216 1179 2294 ἰη-ι

88 2331 208 2394 deserit.
231 2329 366 2416 deniqne
383 2331 589 2410 sambucum,
610 2330 666 2414 qui
683 2329 829 2414 princeps
849 2332 881 2391 in
900 2353 971 2394 eum
994 2331 1178 2395 beneficium

84 2430 152 2494 hoc
163 2431 239 2493 lucis
248 2427 402 2493 liberioris
414 2431 559 2506 contulit,
572 2430 604 2491 in
618 2451 652 2492 os
665 2429 791 2492 laudare
807 2452 884 2512 prae
904 2431 1094 2494 verecundia
1113 2456 1177 2495 non

85 2553 194 2594 ausus.
220 2530 304 2616 apud
323 2539 355 2594 te
375 2533 479 2593 virum
499 2529 660 2615 praeclare
681 2528 719 2592 de
740 2529 850 2592 litteris
864 2533 1012 2594 meritum
1025 2543 1057 2595 et
1077 2532 1177 2595 adhuc

83 2628 222 2693 cottidie
241 2638 413 2692 merentem
424 2629 605 2714 praedicare
627 2630 736 2706 voluit,
759 2651 852 2713 qoem
869 2631 963 2694 sciret
982 2631 1177 2694 eruditorum

81 2728 197 2793 studiis
219 2729 258 2790 ad
276 2731 322 2793 rei
341 2729 479 2813 publicae
499 2728 663 2793 commoda
681 2730 889 2814 spectantibus
910 2753 1005 2817 quam
1023 2731 1175 2796 honestis-

80 2833 164 2894 sime
187 2851 311 2914 cupere.
333 2828 404 2894 diri.

386 3067 595 3138 GLYCAS
622 3069 884 3141 SAMBUCO.

176 3239 246 3300 Non
268 3241 468 3323 proditurum
489 3267 538 3308 me
558 3245 709 3309 Sambucc
730 3247 871 3330 sperabas

171 3337 294 3420 solum,
317 3350 390 3427 toga
413 3365 518 3407 recens
541 3346 687 3408 amictum
703 3347 866 3423 Romana,

172 3439 229 3521 qui
249 3440 389 3522 palliatus
410 3464 501 3508 more
522 3446 651 3509 antehac
672 3468 756 3508 cram
779 3447 885 3507 Graio.
942 3478 945 3485 ·

173 3539 354 3603 comitarier
374 3566 423 3606 me
444 3545 592 3607 nimirum
617 3546 843 3629 imperatorum

171 3636 298 3702 'Ibemis
317 3664 460 3706 meorum
481 3656 513 3708 et
534 3645 629 3708 dulcis
652 3646 703 3709 ille
722 3644 873 3722 debebat,

170 3760 294 3804 mecum
314 3744 482 3821 Manasses,
505 3745 561 3830 qui
585 3744 709 3808 delituit
732 3744 858 3807 invitus.

171 3837 226 3901 scd
249 3843 402 3925 surripuit
422 3844 505 3906 illam
527 3845 659 3930 ungulae
678 3845 817 3908 leoninae

172 3939 380 4025 nequiterque
398 3944 541 4030 clamque
562 3944 672 4029 clepsit
691 3955 723 4008 et
740 3945 857 4027 fugiens
879 3963 980 4026 secum

171 4037 299 4120 quidum
321 4043 463 4122 abstulit,
485 4045 621 4131 Phrygia
643 4045 681 4109 de
713 4053 802 4129 geute
823 4045 874 4105 cui
895 4065 1024 4121 nomen,

169 4159 339 4223 numquam
358 4143 419 4208 hoc
440 4155 549 4229 aperto
571 4147 627 4231 pol
643 4145 781 4208 Gradivo
804 4146 948 4207 facturus.
