2662 4794
412 107 627 174 ιιιιιιιιυιι
656 109 759 176 ultis
788 114 843 175 ιιι.
1060 85 1144 187 ί3ι

67 262 122 324 νοί
130 280 221 345 φασι,
244 260 383 343 Μάρκον
403 261 463 338 μὲν
482 262 638 339 βασιλέως
658 263 693 325 le
709 269 774 337 τοίς
786 260 866 346 ιιρός
880 266 1015 328 Πίσανο
1027 268 1149 346 μομνῆ-
1181 340 1183 343 ,

65 365 169 438 σθαι,
201 357 378 439 Κομμόῦου
408 359 444 421 δὲ
475 357 570 422 πάλιν
590 360 625 424 dv
642 363 685 448 spi
702 364 775 444 περὶ
794 363 883 443 viduis
904 361 1016 451 nprrirrp
1036 367 1156 454 βιβλιῖρ

66 459 172 523 αῦτοῦ
185 482 193 500 ·
234 456 311 522 (ιίιόΗ
332 455 394 540 γὰρ
431 460 490 522 τοῦ
522 459 632 540 κυρίου
671 458 762 542 ἡμῶν
785 460 890 542 Ἰησοῦ
917 465 1060 545 Χριστοῦ
1089 463 1149 539 ἓως

63 558 174 636 αῦτῆς·
187 557 241 639 τῆς
262 559 434 637 βασιλείας.
456 554 631 637 Κομμόδοο
655 556 732 623 ὡσεί
750 554 863 624 ἑκατόν
883 559 1074 661 πεντηκοντα
1093 559 1178 647 ispe

39 656 275 741 ὗεῦρίοκοντοι.
315 658 370 718 καί
385 655 488 720 ταῦτα
509 657 570 734 μὲν
590 656 636 733 εἰς
656 660 813 723 τοσοῦτον.

151 747 235 821 ohta
256 756 301 836 δέ,
324 756 477 838 ἀγαπητά,
498 750 549 817 ὅτι
571 756 735 822 καὶτοῦτο
756 755 836 839 νιρῦς
856 765 921 833 τοῖς
941 751 1047 835 ἄλλοις
1067 756 1149 842 sipri-

61 877 181 938 ρηνας,
211 853 285 935 „iro
310 857 361 918 τί’
381 856 480 936 λέγων
501 852 554 936 „oi
576 858 722 940 μαθηταὶ
743 858 803 921 τοῦ
826 860 973 941 Χριστοῦ
979 869 988 899 ¹
996 857 1052 924 sui
1068 860 1148 922 αἰιῦ-

60 959 170 1020 στολοι
190 951 242 1017 τῦ
253 951 347 1018 λοιποὶ
369 953 653 1036 συγγραψάμενοι,
677 953 718 1020 ια’
743 955 824 1020 κατοὶ
853 954 911 1036 τὴν
931 956 1075 1042 κοίμησον
1093 961 1149 1040 τῆς

61 1047 281 1135 ἇτιιιαρθίννν
301 1051 482 1118 παντάπασι
503 1049 726 1136 σεσιγήκαοι,·”
744 1057 800 1118 καί
816 1053 901 1121 ἔστιν
916 1057 1016 1121 εἰπεῖν
1035 1051 1087 1120 ὅτι
1106 1056 1146 1123 τὰ

14 1152 118 1236 roric
143 1150 295 1236 ἑνοῦρκυν
322 1153 381 1215 τοῦ
409 1143 548 1236 σωτηρός
570 1151 662 1234 ἡμῶν
682 1153 857 1233 οἰκονομίας
879 1149 909 1218 oi
930 1154 1152 1238 εὐαγγελιστοῦ

61 1253 266 1336 διηγούμενοι
291 1254 390 1335 μέχρι
418 1252 473 1317 κατ’
501 1253 601 1334 ου’τῆς
620 1248 830 1336 κατηντήκασι
852 1255 908 1336 τῆς
929 1250 991 1316 cino
1011 1256 1069 1338 γῆς
1089 1256 1149 1319 ου’-

61 1351 121 1416 ros]
138 1353 335 1433 ἀναλήψεως.
376 1348 396 1435 ἧ
419 1351 454 1415 δὲ
477 1353 535 1415 τοῦ
555 1353 667 1434 κυρίου
688 1349 780 1434 ἡμῶν
796 1344 900 1436 Ἰησοῦ
922 1356 1068 1435 Χριστοῦ
1085 1378 1148 1418 τιο-

60 1448 215 1531 κοὶμονμος
235 1446 337 1534 μήτηρ
366 1453 416 1526 εἰς
442 1453 540 1535 γῆρας
567 1454 689 1531 λέγεται
717 1454 893 1535 &phaebeus
921 1450 1030 1533 βαθύ,
1059 1449 1179 1523 sutrio

62 1573 161 1635 φησιν
182 1547 199 1612 o‘
223 1549 384 1623 θειότατος
408 1549 557 1630 Ἀνδρέας
576 1547 595 1610 u‘
617 1548 756 1634 Κρήτης.
797 1550 911 1614 ου’κοῦν
930 1547 1087 1616 α’ῦῦνατον
1105 1544 1162 1635 ἦν’

34 1653 101 1736 §epi
127 1649 311 1736 εῦιιγγελικῇ
335 1652 581 1734 παραμεμῖχθαι
608 1645 732 1734 ἱστορίην
763 1649 820 1712 καί
847 1652 904 1732 τῆς
931 1647 1146 1731 οἶοιιιαρθὲνου

52 1745 120 1830 κήν
143 1735 303 1832 κοιζιιησιν,
334 1742 393 1811 οἵτε
414 1747 518 1833 antip}
538 1747 582 1831 τῷ
600 1743 701 1832 χρόνῳ
723 1754 908 1830 γεγονυῖαν,
940 1744 982 1821 οἷς
1009 1745 1145 1832 ἔφημεν,

58 1846 202 1930 ῦστερον.
242 1848 308 1935 ίῦίρ
339 1848 375 1910 δὲ
401 1841 502 1925 πάλιν
524 1844 554 1908 oi
582 1845 730 1927 μαθηταί
758 1848 816 1908 τοῦ
835 1847 977 1929 Χριστοῦ
996 1849 1145 1926 dieiude-

59 1952 150 2012 erar·
163 1949 238 2028 neos*
257 1943 373 2028 ταύτης
396 1941 452 2016 οῦκ
475 1942 635 2029 ἔφθασαν,
654 1937 796 2026 ὅτιπερί
814 1941 867 2008 ris
891 1946 946 2028 τῆς
966 1945 1145 2024 οἰκονομῦις

60 2043 293 2128 ἀσχολούμενοι
322 2045 431 2127 λόγον,
463 2048 517 2107 καί
542 2043 596 2108 dui
625 2047 791 2128 φροντίδος
811 2043 938 2125 ἔχοντες
959 2038 1011 2108 ὅτι
1030 2048 1145 2126 πολλῆς

0 2184 17 2201 .
34 2145 127 2219 οιιῦς
145 2166 186 2208 ,τε
211 2143 342 2218 πιστοῦς
370 2143 443 2219 τοῦς
465 2138 618 2217 ἀπίστους
638 2139 803 2224 ποιήσαιεν
825 2145 880 2206 καί
900 2137 985 2218 ὅπως
1005 2145 1043 2228 τῇ
1061 2141 1142 2206 κατὰ

60 2242 204 2327 Χριστόν
219 2239 380 2330 α’μιομητρι
395 2240 496 2307 πίστει
515 2245 627 2316 πάντες
646 2242 860 2325 προσέλθοιεν,
881 2238 920 2307 τὰ
936 2240 1030 2305 loturi
1045 2263 1144 2325 nups-

56 2347 221 2424 βλέτιοντο,
240 2343 295 2407 καί
314 2338 454 2423 μάλιστα
473 2344 575 2407 ταῦτα
597 2343 639 2426 τῷ
661 2344 738 2429 &erip
760 2341 937 2427 κηρύγματι
954 2338 999 2425 μη
1019 2344 1143 2408 συντεί-

58 2623 199 2678 Commodi
217 2625 382 2677 mentionem
402 2623 569 2692 imperatoris
587 2623 615 2673 ln
635 2623 721 2692 primo
743 2621 778 2673 de
802 2621 923 2675 moribus
950 2622 1020 2675 libro
1039 2624 1151 2678 lecerit

56 2713 121 2748 uem
140 2697 211 2747 iuter
231 2703 347 2747 eetetem
369 2694 471 2746 domini
492 2694 575 2744 nostri
600 2693 661 2745 lesu
680 2691 779 2744 Christi
798 2702 826 2745 et
844 2694 985 2762 imperium
1004 2695 1143 2749 Commodi

56 2765 255 2838 propemodum
274 2767 338 2817 enni
356 2765 399 2817 Cb
424 2764 604 2816 intercedunt.
633 2781 663 2816 ec
681 2763 714 2814 de
732 2763 776 2814 his
794 2764 902 2833 quidem
922 2763 1060 2816 hactenus.

130 2838 242 2888 Memini
263 2852 390 2905 quoque,
411 2835 512 2886 dilecte
531 2836 588 2897 lili,
605 2842 632 2887 te
652 2835 724 2885 inter
741 2843 845 2885 caetere
859 2834 1013 2887 huiusmodi
1033 2835 1144 2888 dubito·

58 2909 163 2960 tionem
187 2906 334 2976 aliquando
357 2905 422 2958 mihi
451 2906 631 2975 proposuisse.
661 2904 850 2974 quemobrem,
870 2905 984 2967 -aiebas,
1014 2906 1142 2977 discipuli

56 2979 159 3030 Christi
187 2987 216 3029 et
238 2977 354 3045 apostoli
381 2976 462 3028 rebus
487 2976 547 3027 eliis
570 2976 599 3026 iu
616 2976 821 3027 commentarios
840 2984 868 3027 et
885 2976 1011 3028 historias
1030 2979 1143 3042 relatis,

55 3065 167 3120 prorsus
191 3049 225 3099 de
250 3047 453 3099 obdormitione
479 3054 626 3116 perpetuae
650 3044 759 3115 uliginis
778 3046 852 3097 illius
870 3047 1063 3101 obticuerunt?
1092 3049 1143 3115 lips:

55 3120 92 3172 de
111 3137 142 3171 re
161 3120 227 3172 satis
247 3127 288 3170 est
306 3117 479 3187 respondere,
498 3124 621 3168 auctores
640 3116 840 3184 evangeliorum
853 3116 954 3168 Christi
972 3117 1142 3174 administru-

55 3192 161 3243 tionem
180 3192 207 3241 io
224 3205 303 3240 carne
321 3195 556 3241 commemorantes
577 3185 612 3238 ad
632 3187 721 3238 eluse
740 3187 819 3238 terris
846 3188 874 3238 in
900 3188 1004 3238 coelum
1033 3188 1143 3241 srlsrrm-

55 3263 160 3313 tionem
177 3260 339 3330 pervenisse.
367 3271 395 3312 et
413 3275 507 3327 expers
531 3258 580 3308 ille
598 3257 719 3323 maculae
739 3255 842 3328 domini
860 3259 945 3309 nostri
963 3259 1022 3309 lesu
1042 3260 1143 3312 Christi

54 3344 145 3387 meter
162 3340 315 3400 provectam
333 3338 448 3381 aetutem
466 3327 585 3395 attigisse
605 3327 773 3397 perhibetur,
791 3337 821 3379 ut
833 3327 938 3379 divinus
955 3328 1003 3380 ille
1020 3330 1068 3392 vir,
1087 3332 1143 3383 dn-

56 3406 138 3457 ‹lreas
155 3403 288 3455 Cretensis
308 3400 438 3464 antistes,
461 3407 554 3450 auctor
582 3407 630 3450 est.
658 3405 823 3468 quapropter
848 3398 907 3449 lieri
928 3414 985 3450 non
1002 3401 1092 3467 potuit
1111 3410 1142 3454 ut

55 3476 169 3545 virginis
187 3475 262 3527 illius
280 3490 327 3542 per
348 3482 427 3523 etune
445 3468 609 3520 obdormitio
627 3469 797 3538 evangelicae
815 3468 945 3520 historice
963 3469 1142 3535 insereretur,

54 3547 99 3600 uti
121 3563 191 3616 quae
217 3545 297 3613 longo
320 3491 447 3611 deinceps
466 3547 603 3609 ternpore,
622 3555 673 3591 ceu
692 3539 817 3603 diximus,
835 3539 971 3592 acciderit.
1000 3549 1141 3609 praeterea

53 3634 176 3671 seorsum
196 3616 325 3684 peculiari
343 3613 460 3684 quodem
478 3610 549 3663 libro
568 3609 602 3661 de
619 3611 677 3680 ipsa
697 3609 767 3661 nihil
782 3609 879 3661 Christi
897 3610 1024 3680 discipuli
1039 3628 1141 3663 memo-

52 3692 114 3742 rioe
133 3685 320 3757 prodiderunt,
338 3694 481 3754 propterea
498 3680 572 3751 quod
592 3682 620 3731 in
638 3679 798 3749 explicanda
811 3681 894 3749 ipsius
906 3679 1141 3735 administratione

52 3759 193 3828 occupati,
221 3771 439 3824 magnopereque
455 3754 490 3806 de
509 3768 561 3803 une
582 3750 629 3802 illa
649 3767 676 3801 re
694 3751 820 3812 solliciti,
837 3767 892 3818 quo
917 3752 1042 3803 nimirum
1060 3763 1140 3822 pecto

52 3829 211 3882 incredulos
229 3827 323 3879 fideles
343 3826 478 3876 efficerent
496 3841 528 3877 ec
547 3837 639 3874 omnes
656 3819 691 3871 ad
709 3836 801 3889 puram
823 3821 1009 3891 sinceramque
1022 3825 1051 3874 in
1064 3823 1141 3875 Chri.

50 3915 127 3954 stum
146 3898 227 3951 fidem
245 3895 431 3966 perducerent,
448 3902 553 3945 caetera
579 3891 766 3960 negligebant,
790 3893 947 3959 praesertim
965 3909 996 3943 ee
1018 3910 1087 3962 quse
1105 3895 1142 3946 ed

51 3973 177 4027 diuinam
195 3969 270 4023 illam
288 3966 517 4041 praedicationem
536 3961 605 4017 uilril
631 3963 756 4016 lucerent.
784 3979 839 4016 nou
857 3970 947 4016 tumen
967 3965 1077 4023 omniuo
1097 3964 1146 4019 di«
