2700 4792
347 285 559 352 ANNALIUM
588 289 690 352 Pstis
718 286 744 353 'n
1007 291 1084 382 197

37 435 137 520 ηνίσαι
169 438 272 513 θέλων
300 438 335 503 ἐκ
363 440 486 511 πολλῶν
510 437 546 504 τό
575 439 745 523 λεγόμενον.
803 444 958 529 ,διντίριι
988 451 1086 525 κτίσις

37 537 84 604 ντί
98 540 153 601 τού
165 560 200 603 τε
219 529 351 622 ἄρρενος
371 539 427 601 καί
443 539 500 601 τού
515 536 627 624 θηλισς
648 550 1022 623 προσκατασκευασθτϊσσ
1041 550 1087 635 τᾷ

37 634 177 717 λάσματι,
196 639 241 723 τῷ
261 632 343 700 κατά
362 634 418 720 την
438 632 561 722 πράεην
582 636 725 722 δηλονότι
745 643 935 730 γεγενημένῳ
952 646 1021 709 κατ’
1040 650 1088 711 eis

37 757 86 797 Ινισι
100 737 195 816 θεοῦ,
218 737 254 806 ἐν
272 725 298 824 ᾧ
318 733 458 822 διαφορά
478 733 646 819 σχημάτων
667 737 724 802 ούκ
745 731 802 823 η’ν,
822 734 869 804 ὅτι
888 744 970 824 μηδδ
992 745 1027 808 ἐν
1049 746 1088 832 τῇ

37 834 85 920 ῗσἠι
101 837 154 898 καί
170 834 314 921 μακαρίᾳ
333 834 429 900 εἰκόνι
448 834 588 901 τοιούτόν
608 860 638 900 τι
659 839 882 923 ἐπινενόηται.η
906 843 936 907 εί
953 843 989 906 δὲ
1008 847 1089 907 ταύ-

37 956 42 992 ι
69 927 163 1008 ούτως
182 932 270 1015 ἔχει,
288 935 389 1017 λέγειν
410 927 466 998 οὖν
486 927 613 1018 εὔλογον
633 931 680 1009 ότι
699 938 734 1001 ἑκ
753 935 956 1022 προγνώσεως
975 938 992 1005 ό
1011 939 1088 1019 θεός

39 1028 152 1114 ιαύτην
175 1033 227 1096 άπ’
249 1032 351 1117 α’ρχῆς
373 1030 569 1118 κατασκευὴν
588 1036 705 1100 δέδωκε
726 1039 769 1122 τῷ
787 1034 909 1120 Ἀδάμ,
930 1037 963 1103 εἴ
979 1062 1016 1122 γε
1033 1042 1088 1124 τῆς

40 1132 155 1209 υτὲρας
172 1131 241 1196 ἐστί
259 1130 420 1214 κτίσεωςῆ
443 1132 569 1217 τοιαύτη
590 1135 652 1199 τῶν
673 1141 843 1220 σχημάτων
861 1136 1017 1223 διαφορά,
1048 1137 1087 1222 ἢν

37 1236 44 1289 i
70 1228 123 1294 καί
150 1230 327 1313 α’νσγκαίως
355 1230 489 1315 ἐπήγαγε
513 1232 593 1314 μετά
626 1231 684 1316 την
713 1233 855 1321 πρωτην,
882 1235 924 1312 σός
944 1234 1087 1321 εἴρηται,

37 1326 150 1410 ιιήσιν·
199 1328 275 1397 ούδδ
294 1329 356 1415 γάρ
386 1329 491 1415 η’γνόει
511 1330 544 1397 τό
569 1325 819 1416 συμβησόμενον.
859 1338 914 1407 καί
931 1337 1119 1419 πρόσχες,υ

61 1424 184 1509 βούλει,
209 1431 253 1516 τῷ
272 1432 472 1520 Δαμασκηνηῖ
499 1431 624 1519 Ἰωάννη
645 1435 720 1515 περί
738 1434 794 1498 τού
813 1432 938 1518 προότσο
959 1434 1087 1518 α’νθροό-

37 1542 71 1585 ισ
90 1528 201 1610 λέγοντι
227 1527 342 1609 ,εἰδώς
364 1531 398 1594 δύ
427 1527 445 1593 δ
467 1527 666 1614 προγισόστης
685 1530 762 1608 θεός
783 1524 831 1597 ότι
852 1533 886 1598 όν
907 1532 1087 1618 παραβάσει

37 1622 160 1706 θήσεται
179 1630 236 1692 καί
255 1622 304 1692 ότι
320 1632 430 1716 φθορᾷ
454 1627 672 1710 ύιτσπεσεῖται,
690 1626 753 1705 διά
773 1633 866 1696 τούτο
889 1629 1025 1716 παράγει
1046 1631 1083 1696 τό

37 1719 140 1804 ἧλνέξ
162 1727 290 1791 αότοῦ.”
331 1722 414 1792 οόστε
435 1730 464 1793 εἰ
482 1725 527 1811 μη
547 1730 602 1811 τῆς
623 1730 786 1813 άγγσλικῆς
802 1733 945 1808 ἐξέπιπτε
965 1732 1086 1815 βιοτῆς,

37 1814 66 1881 ix
89 1816 162 1909 όνῆ
189 1828 254 1889 τάν
284 1824 455 1909 σχημάτων
477 1824 556 1910 αὕτη
584 1830 893 1907 προσκατεσκεύαστο
922 1827 1086 1915 διαφορά,

37 1939 59 1977 ιι
78 1923 151 2006 μηδὲ
168 1925 281 2009 χρείαν
303 1919 369 2008 εἶχε
390 1924 508 2009 ταύτης
528 1921 546 1988 ό
566 1928 631 1996 κατ’
659 1924 766 1992 εἰκόνα
788 1931 988 2011 γεγενημένος
1008 1931 1087 2000 θεοῦ

39 2015 87 2095 ode
101 2044 133 2101 γε
150 2021 208 2105 τὴν
227 2023 263 2087 du
277 2024 430 2108 διαδοχῆς
449 2025 507 2087 τού
525 2024 634 2105 γίνοινς
652 2019 818 2106 σύστασιν,
835 2021 891 2095 dee
912 2024 991 2097 κατά
1011 2026 1086 2101 τούς

37 2114 168 2202 petum,
193 2120 237 2198 τός
266 2113 332 2187 ύνω
362 2123 556 2206 διειληπται,
584 2126 716 2203 μέλλων.
734 2123 963 2208 πληθύνεσθαι.
1017 2124 1078 2190 citt
1107 2185 1109 2190 .

37 2223 231 2304 τοναληπτίον
249 2215 309 2286 κάν
329 2214 427 2297 αὖθις
445 2217 501 2284 τόν
522 2217 622 2304 λόγον.
1014 2288 1018 2296 ,

94 2319 166 2383 Θεία
183 2316 265 2401 μετά
286 2316 342 2403 τήν
360 2310 542 2403 παράβασιν
564 2316 642 2404 πρός
652 2317 707 2386 τόν
728 2311 804 2405 όφιν
826 2319 987 2406 άπόφασις
1006 2318 1114 2402 „iniit
1128 2334 1174 2402 sot

37 2407 58 2492 ᾧ
74 2414 168 2500 στήθει
189 2421 244 2482 καί
264 2421 303 2504 τῇ
321 2421 421 2506 κοιλίη
441 2414 615 2508 πορεύση.”
641 2417 750 2505 ἐπειδη
766 2415 1082 2505 καρδιανὴπάτησας

37 2509 197 2581 identitas
221 2513 349 2593 ἔπεισας
375 2512 526 2595 ἅψασθαι
544 2516 739 2601 βρωμάτων,
759 2520 814 2584 snt
833 2521 877 2605 τῷ
897 2518 1008 2601 στήθει
1027 2517 1084 2585 καί

37 2621 58 2686 'd
75 2614 160 2705 κοιλίη
181 2615 332 2703 πορεόση.
375 2614 449 2678 οὐδὲ
468 2611 528 2700 γάρ
549 2613 596 2690 oie
616 2611 715 2694 πόδας
736 2619 925 2705 κεκτημένον
945 2611 981 2679 τό
1002 2616 1081 2701 πρό·

37 2883 109 2946 niens.
124 2896 240 2951 secunda
253 2897 353 2949 creatio
372 2902 414 2949 est
429 2896 509 2948 maris
527 2912 558 2949 ec
577 2896 693 2949 ieininae
712 2894 846 2959 formatio,
864 2911 933 2966 quae
953 2893 1080 2964 figmento

37 2951 64 3007 ld
79 2970 184 3032 accessit,
207 2967 281 3038 qnod
297 2969 400 3020 ratione
418 2967 562 3020 creationis
580 2969 682 3037 primae
700 2966 734 3017 nd
750 2968 894 3035 imaginem
916 2965 960 3018 dei
979 2964 1080 3020 iactum

37 3037 79 3093 ²¹³2
93 3054 134 3091 nee
152 3056 263 3094 sexuum
285 3037 427 3089 discrimen
445 3036 574 3101 habebat,
594 3035 702 3108 qnando
720 3053 770 3090 nee
789 3037 817 3088 in
837 3035 929 3089 divina
948 3035 996 3088 iila
1015 3036 1082 3088 ben·

37 3102 92 3166 'ique
115 3111 228 3179 imagine
254 3107 321 3178 quid
339 3107 472 3161 eiusmodi
503 3108 605 3161 existit.
624 3124 694 3176 quae
715 3124 774 3162 cum
793 3109 831 3158 ita
849 3107 922 3170 sint,
940 3125 956 3158 a
975 3108 1080 3160 ratione

37 3179 70 3220 ton
84 3177 214 3244 abhorret,
245 3179 334 3230 dicere
354 3179 434 3230 deum
463 3195 496 3230 ex
513 3179 689 3247 praescientia
710 3179 792 3229 talem
810 3178 843 3228 ab
862 3178 942 3230 initio
962 3187 1081 3231 structu·

37 3246 173 3315 'imddamo
198 3251 378 3313 concessisse,
406 3267 465 3300 curn
491 3247 543 3299 hoo
568 3265 646 3300 sexus
672 3248 816 3301 discrimen
833 3264 848 3300 a
868 3247 986 3300 secunde
1005 3266 1081 3300 erea-

37 3320 84 3364 ¹'⁰¹¹0
99 3323 244 3388 proiectum
264 3320 361 3384 inerit,
380 3336 460 3389 quem
480 3320 633 3372 necessario
654 3319 753 3388 priori,
772 3336 822 3371 ceu
841 3314 942 3371 dictum
961 3327 1010 3382 est,
1031 3318 1080 3369 ed-

38 3380 81 3434 ici&
97 3407 141 3442 nec
170 3392 243 3442 enim
261 3389 328 3460 qnid
354 3390 474 3442 futurum
494 3396 565 3451 esset¹
592 3389 742 3457 ignorabat.
756 3398 784 3442 et
802 3391 933 3454 animum,
949 3388 973 3440 s'i
993 3387 1079 3451 libet,

37 3442 110 3511 *dieite
125 3461 252 3515 Iohannis
272 3461 429 3513 Damasceni
457 3459 491 3511 de
511 3459 622 3511 homine
649 3461 735 3529 primo
752 3459 850 3512 verbis.
869 3461 932 3535 qnia
951 3458 1017 3510 deus
1036 3458 1081 3510 fn·

37 3529 118 3598 Πξθῑοιιι
138 3534 273 3602 praescios
290 3539 369 3585 norat
390 3530 528 3582 hominem
546 3529 672 3581 mandato
694 3548 749 3582 non
767 3531 915 3600 pariturum
934 3546 966 3580 ac
984 3527 1080 3580 interi·

37 3600 54 3635 i*
67 3597 177 3655 futurum
200 3602 366 3668 obnoxium,
394 3602 491 3653 iccirco
515 3601 644 3652 seminam
661 3616 694 3654 ex
712 3599 898 3670 eoprodncit.
913 3598 1038 3666 adeoque
1056 3597 1080 3651 si

37 3668 84 3736 0,Ψο
101 3674 153 3726 sita
172 3673 291 3742 angelica
310 3690 364 3725 non
382 3671 543 3734 excidisset,
560 3687 673 3725 sexuum
692 3669 836 3724 discrimen
854 3669 959 3721 neritum
979 3667 1079 3734 facturn

37 3739 112 3807 iisset,
127 3745 231 3813 quippe
251 3743 326 3795 cuins
346 3742 419 3794 haud
438 3741 562 3810 eguisset
574 3741 609 3792 ad
627 3740 732 3810 generis
750 3740 970 3810 propagationem
989 3738 1012 3789 is
1031 3738 1080 3807 qui

37 3790 190 3884 'imaginem
208 3813 255 3865 dei
275 3815 360 3864 sactus
379 3819 442 3865 erat.
461 3828 523 3864 narn
540 3827 614 3866 more
633 3812 804 3879 angelorum,
824 3818 856 3860 ut
874 3808 1021 3868 indicatum
1038 3814 1081 3862 est

37 3878 96 3945 ΡΡο,
119 3891 205 3936 semet
230 3885 440 3953 amplificaturus
468 3883 565 3934 iuerat.
589 3880 731 3938 sedenim
755 3879 791 3933 ad
806 3879 958 3933 institutam
978 3879 1081 3932 oratio-

37 3947 61 3994 ἢ
83 3954 249 4007 redeundum
268 3963 317 4007 est.

66 4020 140 4078 llaec
160 4033 202 4077 est
218 4024 266 4078 ilia
283 4023 328 4077 dei
342 4021 376 4075 ad
390 4029 541 4092 serpentem
558 4028 621 4091 post
640 4020 758 4078 hominis
774 4018 880 4089 lapsgm
897 4018 985 4072 oratio
998 4019 1080 4091 (Gen.

37 4084 83 4165 i4)
98 4097 145 4159 „in
164 4105 257 4164 pectus
275 4111 306 4146 ac
323 4102 444 4146 ventrem
464 4092 640 4146 asnbuiabis.'’
666 4089 717 4144 boe
736 4099 778 4144 est
794 4089 1015 4161 quandoquidem
1033 4105 1080 4141 σοι

37 4166 147 4236 *pitin
178 4176 206 4223 et
232 4165 321 4222 ventri
344 4165 504 4237 persuasisti
531 4172 562 4220 ut
578 4161 667 4218 eibum
686 4162 765 4219 iilum
785 4160 963 4239 decerperet,
980 4160 1077 4216 iccirco
