2766 4800
418 264 631 334 aruunna
662 266 764 364 rans
792 271 818 331 1.
1099 243 1157 347 43

74 419 207 508 οελήνην
224 422 401 507 μεταβολῆς
430 420 490 508 τήν
516 422 715 487 συντέλειαν·
774 412 877 496 ἄλλως
901 418 960 508 γὰρ
983 421 1189 492 dicacitatum

82 524 264 606 μειουμένης
286 521 386 605 αὐτῆς
409 520 462 585 κατ’
483 512 586 596 όλλιος
607 521 783 604 αόξομδνης
802 517 844 585 τοὶ
865 521 1005 602 στόματα,
1027 526 1084 587 νῦν
1100 525 1161 604 μὲν

86 615 233 704 ληγούσης
266 618 366 703 ἅραιοὶ
396 620 545 703 γινόμενα
575 622 631 684 καί
658 621 753 701 κενοί,
783 623 839 683 νῦν
862 620 896 682 δὲ
918 620 1090 704 αὐξομένης
1110 623 1166 687 καὶ

91 719 161 798 πρὸς
177 720 211 786 τό
239 723 360 804 πλῆρες
379 719 571 804 ἔπαγομένης
597 717 653 784 καί
671 717 753 783 αότό
776 713 872 783 πόλιν
891 717 1164 803 ἀναπληρούμενα,

80 814 163 884 tortu
179 816 337 904 όγρότητό
348 844 417 884 τινα
432 822 602 905 θερμότητι
621 810 814 904 κεκραμένην
833 819 888 883 ε’πί
905 816 939 882 τό
953 819 1052 900 βάθος
1076 816 1166 906 φθόᾱ

98 936 179 985 νουσα
200 916 377 1003 λεληθότως
396 922 509 1004 ἐνίησι.
552 922 684 1003 δηλοῦσι
707 920 742 982 δὲ
755 920 845 982 τοῦτο
868 917 924 982 κατ’
943 917 971 981 οἱ
994 917 1167 983 καθεύδον-

98 1022 205 1103 ιεςτῆς
232 1016 295 1082 όπό
330 1017 459 1103 σελήνης
489 1016 655 1103 ὑγρότητος
684 1019 836 1101 περισσῆς
866 1014 923 1092 τός
951 1020 1008 1098 τῆς
1028 1019 1168 1100 κεφαλῆς

97 1119 285 1202 ιόρνχοορίας
302 1115 532 1201 πληρούμενοι,
553 1114 601 1182 ἔτι
624 1120 660 1182 δὲ
686 1117 727 1181 τό
750 1119 910 1201 νεοσφαγῆ
929 1118 990 1181 τῶν
1010 1117 1110 1200 κρεῶν
1131 1119 1169 1202 τῆ

96 1222 243 1304 προσβολῇ
257 1219 312 1301 τῆς
331 1217 464 1300 σελήνης
491 1218 614 1299 ταχέως
627 1213 811 1302 τρεπόμενα.
827 1215 909 1281 κατὰ
931 1217 1023 1281 τοῦτο
1041 1213 1097 1278 κατ’
1115 1217 1169 1299 ἐφ’

23 1312 224 1399 totamm
246 1314 347 1401 αότήν
364 1318 419 1379 καί
432 1314 489 1380 δόο
502 1311 629 1401 ταόροον
644 1307 832 1395 καθίζουσιν
851 1311 894 1391 oie
917 1317 1093 1380 κυκλοῦσαν
1114 1310 1170 1377 τόν

95 1413 202 1498 κόσμον
219 1417 277 1479 κατ’
296 1407 496 1501 α’ροτριοόσαν
513 1413 569 1480 καί
586 1418 799 1500 συνόρουσαν,
820 1410 1033 1498 όγραόνουσόν
1060 1436 1094 1477 τε
1116 1411 1172 1477 κατ’

95 1517 337 1601 θερμαίνουσαν.
380 1519 483 1579 ταῦτα
504 1517 541 1582 δὲ
560 1513 663 1580 πάντα
684 1513 741 1578 οόκ
762 1509 803 1580 όν
824 1511 970 1599 ἐξήρκεσε
998 1519 1037 1601 τῆ
1056 1509 1203 1596 invadat)

92 1617 249 1681 α’λλαιοόσει
270 1616 501 1698 συμμεθιστιῖν,
522 1615 553 1680 εἰ
572 1611 617 1699 μή
629 1638 664 1698 γε
686 1612 768 1678 κατὰ
788 1611 846 1698 τήν
866 1617 922 1698 τῆς
941 1617 1068 1699 γραφῆς
1087 1637 1172 1694 μαρ-
1213 1669 1214 1672 ,

91 1716 199 1800 πυρίαν
209 1710 378 1799 όπερφυής
396 1736 445 1789 τις
462 1712 614 1797 ε’τόγχανε
634 1716 673 1801 τῆ
693 1715 825 1794 δυνάμει
837 1736 873 1776 τε
895 1711 1105 1796 ὑπερέχουσα.
1118 1705 1174 1775 οδ·

9 1838 32 1880 ι
48 1820 130 1886 5ιυο
150 1816 213 1896 μὲν
235 1807 295 1876 oda
314 1814 349 1876 ἐκ
369 1815 423 1898 τῆς
443 1811 544 1888 αι’τόας
555 1812 669 1898 ταύτης
682 1813 737 1877 κατ’
754 1811 795 1876 τό
818 1812 897 1877 κατὰ
914 1810 970 1878 τόν
983 1811 1064 1894 οἶέρα
1085 1810 1173 1894 πάθη

94 1917 313 1993 συνιστανται,
347 1910 392 1987 oia
412 1916 631 1998 μαρτυροῦσιν
654 1908 730 1996 ῆμῖν
751 1911 784 1976 αἱ
812 1911 890 1976 κατό
915 1911 972 1995 τήν
1003 1910 1174 1993 νουμηνίαν

98 2010 238 2094 ηολλόκις
252 2005 315 2074 cino*
326 2013 462 2097 γαλήνης
475 2013 530 2076 καί
549 2014 697 2094 νηνεμίας
709 2010 864 2095 αἰφνίδιον
882 2011 1023 2093 ταραχαὶ
1044 2013 1107 2072 τῶν
1124 2031 1176 2072 νε-

100 2114 158 2197 φόν
179 2115 397 2192 κλονουμένων
417 2111 473 2175 καί
492 2108 732 2191 συμπιπτόντων
761 2109 927 2191 ἀλλήλους,
951 2106 985 2171 αἱ
1005 2106 1080 2188 περί
1098 2105 1215 2184 τοόςν,
1228 2127 1258 2182 ,g

96 2211 239 2296 adprimae
262 2232 297 2274 τε
325 2211 528 2297 παλίρροιαι,
555 2211 612 2274 κατ’
635 2203 655 2292 ῆ
676 2210 752 2292 περὶ
768 2205 823 2273 τόν
850 2205 1012 2290 λεγόμενον
1028 2204 1177 2271 Ὠκεανόν

9 2300 244 2394 audaeana,
263 2306 304 2393 ῆν
320 2316 390 2384 ταῖς
410 2308 569 2397 περιόδοις
590 2308 645 2395 τῆς
666 2304 796 2393 σελήνης
816 2307 1009 2391 τεταγμέναις
1024 2300 1177 2393 ἑπομένην

779 2429 787 2457 Ι

101 2601 128 2653 ris
146 2619 162 2654 e
179 2608 253 2654 terra
283 2600 459 2653 nascentibus
481 2599 561 2654 rebus
589 2599 716 2670 equidem
743 2599 867 2653 arbitror.
894 2616 957 2652 nam
975 2599 1055 2652 aliter
1073 2597 1179 2652 adiecta

101 2681 154 2725 sunt
180 2688 296 2742 corpora
321 2671 388 2723 lona
410 2670 550 2723 deminuta
574 2688 654 2741 quam
681 2687 739 2723 esse
766 2672 873 2724 soleant
898 2671 993 2724 eadem
1010 2678 1180 2739 augescente.

101 2745 195 2813 qnippe
213 2760 275 2794 cum
299 2741 393 2794 delicit
410 2759 442 2793 ac
459 2742 644 2807 imminuitur,
667 2742 729 2793 laxa
749 2751 813 2794 sunt
830 2751 912 2812 atque
931 2759 1030 2793 vacua:
1051 2759 1110 2793 cum
1131 2757 1182 2791 au·

100 2816 176 2876 pacit
196 2823 225 2867 et
255 2812 290 2864 ad
307 2811 508 2883 plenitudinem
533 2831 607 2865 suam
636 2822 777 2883 properat,
802 2829 913 2882 corpora
930 2827 1048 2883 [quoque
1076 2828 1182 2862 rursum

97 2885 192 2956 repleri
213 2882 352 2949 videnum
370 2883 453 2953 idque
467 2892 612 2953 propterea
626 2884 702 2954 quod
718 2885 856 2935 humorem
877 2881 1011 2953 quendam
1032 2898 1090 2932 curn
1109 2880 1183 2932 calo-

96 2962 322 3025 attemperatum
340 2962 368 3006 et
396 2953 431 3006 ad
451 2954 504 3005 ima
522 2971 607 3025 usque
624 2957 806 3024 pertinentem
826 2956 904 3024 quasi
923 2955 1004 3006 tacite
1024 2950 1183 3021 corporibus

92 3018 232 3079 inmittat
252 3025 429 3078 animadverti
447 3024 500 3076 boc
528 3025 563 3077 de
583 3026 616 3088 iis
634 3042 744 3096 quoque
763 3033 868 3094 potest,
891 3027 938 3094 qui
957 3023 991 3076 ad
1009 3023 1102 3075 lunam
1121 3021 1184 3073 dor·
1250 3057 1256 3069 .

87 3099 210 3150 ¹1aientes
239 3097 375 3167 superfluo
404 3095 518 3148 bumore
535 3097 630 3166 capitis
655 3098 832 3166 capacitatem
853 3111 958 3147 omnem
980 3095 1079 3164 repleri
1097 3094 1184 3146 senti·

82 3171 146 3223 ”nt
166 3166 266 3220 itidem
285 3183 379 3220 earnes
392 3184 487 3219 recens
507 3176 683 3220 mactatorum
704 3167 860 3219 animalium
878 3166 912 3218 ad
934 3167 1026 3217 lunam
1045 3166 1184 3235 expositae

80 3244 116 3289 ‘t
134 3239 175 3292 ab
196 3240 256 3290 eius
282 3238 366 3290 radiis
383 3247 500 3291 attactae
520 3239 574 3290 cito
591 3247 730 3291 mutantur
750 3255 781 3289 ac
808 3246 977 3307 putrescunt.
997 3255 1027 3288 ea
1049 3236 1084 3288 de
1104 3251 1185 3288 causa

73 3294 187 3363 ¹sarram
207 3312 238 3361 in
258 3326 354 3371 curru,
380 3308 488 3361 duobus
505 3310 589 3365 tauris
609 3309 759 3373 adiunctis,
785 3309 936 3373 collocant,
955 3316 1084 3377 tanquam
1105 3323 1186 3358 mun-

73 3370 155 3434 tlum
177 3380 254 3432 hunc
284 3380 466 3444 ambientem,
490 3388 628 3445 arantem,
645 3387 794 3432 sementem
812 3381 840 3431 in
861 3396 893 3432 eo
912 3379 1072 3441 facientem,
1090 3377 1186 3428 bume-

67 3455 215 3505 etantem
238 3459 320 3520 atque
344 3450 539 3503 calfacieutem.
558 3449 740 3503 haecomnia
760 3467 824 3503 vero
847 3467 898 3520 per
916 3451 1132 3501 immutationem
1150 3447 1186 3498 il-

167 3522 293 3591 corporia
311 3522 353 3573 sui
371 3523 500 3590 perficere
527 3538 700 3592 nequequam
717 3530 829 3590 posset,
847 3522 870 3574 si
889 3537 944 3572 non
965 3520 1078 3572 eximiae
1095 3519 1187 3570 cuius-

62 3581 155 3647 ιῘειτι
178 3591 376 3661 magnitudinis
395 3592 527 3660 singulari
544 3611 604 3644 cum
624 3594 651 3643 vi
669 3602 698 3645 et
715 3592 872 3644 efficacitate
892 3593 1072 3652 coniunctae,
1091 3605 1188 3658 quem-

58 3663 246 3719 *amodum
265 3671 294 3714 et
311 3663 418 3715 litterae
436 3679 527 3715 sacrae
543 3672 691 3728 testantur,
717 3672 796 3715 easet.
815 3671 898 3732 atque
916 3662 968 3713 bac
987 3677 1051 3712 caue
1071 3657 1105 3710 de
1123 3676 1188 3710 can-

57 3737 121 3789 *ι
141 3735 273 3788 videmus
304 3742 333 3785 et
349 3734 420 3787 aeris
447 3733 615 3786 adiectiones
635 3743 720 3786 certas
739 3736 871 3797 existere,
892 3730 1119 3802 quemadmodum
1138 3730 1188 3782 de-

61 3803 205 3859 claram
224 3813 334 3856 exortae
353 3822 546 3874 saepenumero
565 3804 699 3857 novilunii
717 3813 840 3874 tempore
862 3804 896 3855 de
913 3822 1014 3856 summa
1031 3801 1188 3871 tranquilli-

63 3872 172 3939 tate,
203 3884 346 3928 ventorum
375 3878 495 3927 omnium
522 3884 648 3943 experte,
672 3875 890 3944 perturbationes
924 3876 993 3928 atris
1014 3875 1187 3942 repentinae,

66 3946 223 3999 nubibus
250 3946 322 3998 inter
340 3961 369 3997 ae
386 3947 487 3998 collisis
506 3946 638 4015 quasique
663 3945 879 4014 confligentibus.
897 3945 1036 3996 declarant
1056 3953 1084 3996 et
1101 3944 1188 3995 ssrraus

76 4027 133 4069 tc
152 4017 270 4068 refluxus
283 4034 409 4087 aquarum
423 4018 451 4068 in
462 4018 576 4087 euripis,
595 4016 697 4086 illaque
716 4016 774 4084 ipsa
792 4032 861 4084 quae
880 4016 910 4066 stt
928 4017 956 4066 in
969 4016 1077 4066 Oceano
1096 4015 1188 4083 (quem

81 4089 213 4157 vocant)
231 4089 309 4140 maris
339 4090 531 4158 reciprocatio,
555 4103 633 4157 quam
662 4087 771 4154 quidem
791 4086 912 4138 homines
928 4087 1063 4138 littoribus
1081 4085 1189 4136 marinis

77 4153 216 4211 -fxnitimi
232 4174 281 4229 per
300 4166 382 4212 statas
401 4160 471 4215 vices
490 4161 571 4212 lunae
594 4158 719 4212 circuitus
738 4159 815 4231 aequi
832 4157 1077 4229 deprehenderunt
1096 4156 1189 4208 bacte-
