2766 4800
197 273 213 290 .,
254 209 308 293 50
495 229 503 249 ι
586 224 802 290 strennuus
831 218 994 285 circae

250 388 452 470 παγγέλλεται
463 433 473 464 ,
494 387 612 463 παχεῖα
634 378 669 442 δὲ
697 384 766 451 ταῖς
788 374 930 459 κεραίαις
948 371 1005 436 καί
1022 367 1206 455 άπέρνθρος
1224 385 1340 451 φαινο·

249 492 329 571 μένη
363 477 386 569 ἢ
419 478 507 565 ὕδωρ
538 477 656 564 λάβρον
688 474 751 540 άπὸ
782 476 887 558 νεφῶν
915 466 938 556 ἢ
963 469 1053 536 νότου
1085 465 1197 550 βιαίαν
1218 468 1342 548 κίνησιν

219 583 382 654 Βάπτιλεῖ
425 579 482 665 την
501 583 535 645 δέ
554 580 589 642 ἐκ
608 573 725 642 τούτων
746 571 919 657 σημείωσιν
937 565 1008 635 ὅσον
1029 570 1072 657 τῷ
1085 569 1144 656 βίιρ
1163 565 1341 649 παρέχεται

249 685 286 751 τὸ
308 684 467 770 ὠφέλιμον
491 679 595 755 οὔδείς
625 677 738 759 άγνοεῖ.
780 666 841 756 άρα
863 669 922 756 γάρ
945 664 996 735 ὅτι
1015 671 1070 734 sos*
1088 664 1118 730 οἶ
1135 661 1341 745 ναυτιλλόμε-

249 807 297 851 νοι
319 781 398 867 πρός
417 803 452 864 γε
483 778 558 854 τούς
588 775 724 858 ἀστέρας
745 770 879 856 δρῶντες
908 766 968 854 τὴν
989 768 1104 852 άκριβῆ
1122 766 1229 850 τρίβον
1248 759 1341 828 ὅδεά·

137 950 140 955 .
249 908 322 949 οοσι
343 885 396 946 καί
416 883 455 966 τῇ
480 874 599 943 τούτων
619 875 709 939 θέσει
729 869 938 956 προσέχοντες
967 865 1001 933 τὸ
1024 867 1146 950 σκάφος
1164 860 1342 946 ίθάνοοσιν·

250 979 358 1064 tuenti
395 978 456 1063 γάρ
491 976 528 1041 od
562 976 693 1056 δέχεται
724 974 788 1035 τῶν
808 965 934 1034 ὑδάτων
965 963 1106 1056 ἡφύσις
1125 961 1217 1048 ἴχνη,
1242 955 1290 1040 οἷς
1313 962 1342 1027 οἱ

250 1083 356 1147 ὁδῖται
384 1081 591 1163 προσέχοντες
609 1074 828 1158 άναμφίβολον
861 1065 920 1153 την
940 1066 1071 1152 πορείαν
1092 1068 1273 1145 ποιοῦνται,
1292 1063 1343 1128 δέ·

195 1214 206 1231 ·
250 1184 348 1246 δωκεν
387 1174 404 1241 ὅ
432 1174 507 1251 θεὸς
534 1181 599 1250 τοῖς
625 1168 734 1256 μακροὶ
756 1171 932 1255 διαπερῶσα
960 1163 1077 1251 πελάγη
1096 1157 1163 1230 οἷον
1182 1161 1258 1247 ἴχνη
1279 1164 1344 1227 τῶν

249 1281 431 1346 θαλαττίων
462 1274 599 1360 τρίβων,
629 1272 692 1337 τάν
714 1270 858 1359 ἀστέρων
879 1265 936 1352 την
956 1269 1059 1332 θέσιν.
1105 1265 1160 1329 καί
1179 1256 1265 1329 οάτιο
1284 1265 1344 1345 μὲν

234 1377 460 1465 περὶτούτων
479 1382 545 1450 τοῖς
564 1371 666 1456 άγίοις
685 1366 824 1456 πατράσι
852 1370 948 1433 δονεῖ.

326 1469 449 1558 Ἕτεροι
469 1473 505 1536 δέ
524 1469 560 1536 τά
586 1471 765 1555 διαληφθὲν
787 1461 1074 1554 παρερμηνεάοντες
1092 1458 1268 1528 Μωσαϊιιδν
1289 1458 1345 1545 ῥη-

222 1575 316 1654 cso's,
338 1574 374 1637 έκ
393 1574 448 1657 τῆς
468 1575 533 1636 τάν
554 1570 697 1653 ἀστέρων
717 1565 919 1653 σογκράσεάς
943 1588 977 1629 τε
999 1567 1054 1631 καί
1076 1562 1272 1636 διαστάσεως
1294 1564 1345 1625 ts-

251 1695 346 1758 γουσι
366 1670 404 1737 τά
428 1673 501 1734 καθ’
516 1666 600 1755 ἡμᾶς
624 1666 726 1731 πάντα
756 1667 947 1730 διοικεῖσθαι
970 1662 1025 1727 καί
1047 1659 1270 1745 διεξάγεσθαι,
1291 1653 1345 1723 εὖ·

252 1774 391 1857 πραγίαο
418 1793 453 1836 τε
485 1772 542 1833 aas*
576 1770 777 1852 δυσπραγίαν
806 1768 928 1830 ε’κεῖθεν
955 1761 1217 1846 κατάγουσι,καί
1237 1757 1345 1834 άπλιδς

252 1867 313 1936 ὅσα
333 1873 376 1960 τῷ
394 1871 454 1958 βίιρ
474 1873 549 1933 καθ’
569 1861 706 1951 ἑκάστην
739 1865 980 1950 ἀπροσδοκήτως
1000 1864 1245 1944 συμπίπτουσιν.
1288 1862 1346 1924 oii-

254 1969 294 2035 λά
316 1968 360 2054 μη
382 1968 423 2034 σά
446 1991 499 2052 γε,
528 1969 634 2032 τέκνον
670 1967 892 2051 ἠγαπημένον,
923 1960 1076 2036 τοιούτοις
1109 1957 1190 2037 δλιος
1210 1959 1345 2047 ὀἶνάσχη

252 2071 424 2133 πείθεσθαι
456 2073 636 2150 λογισμοῖς,
665 2069 696 2130 εἰ
722 2063 767 2148 μή
800 2060 910 2146 βοάλει
932 2059 1008 2138 τοδς
1039 2060 1176 2145 α’στέρας
1193 2061 1345 2123 ἐντεῦθεν

254 2168 383 2245 άδίκοος
417 2166 640 2252 εὑρίσκεσθαι,
673 2162 706 2229 εἴ
722 2189 757 2249 γε
786 2161 860 2238 τούς
879 2164 938 2244 μὲν
969 2163 1094 2225 ποιοῦσι
1115 2161 1253 2242 πόρνους
1273 2156 1345 2231 τούς

255 2263 459 2348 δέμοιχοάς,
491 2264 546 2328 καί
574 2259 691 2338 ἅλλους
721 2259 817 2327 πάλιν
848 2260 963 2347 φονέας
988 2262 1044 2324 ιιαί
1064 2254 1222 2342 άρπαγας.
1265 2251 1345 2320 άλλά

255 2367 311 2429 καί
330 2362 391 2448 πρό
414 2367 476 2427 τοῖν
513 2362 653 2446 οἷστέρων
673 2361 772 2438 αὐτὸς
804 2355 845 2426 άν
866 2355 883 2425 ὃ
902 2357 1031 2444 ποιητὴς
1051 2352 1159 2423 αὐτῶν
1178 2354 1257 2433 θεὸς
1277 2349 1345 2421 ita·

152 2496 154 2501 ⁴
255 2486 309 2541 κος
342 2461 509 2550 εὑρεθείη,
533 2467 661 2548 γέενναν
690 2459 793 2549 πνρὸς
819 2469 884 2539 τοῖς
913 2456 1111 2546 ἁμαρτωλοῖς
1135 2460 1275 2523 άπειλιόν
1297 2459 1346 2522 κατ’

257 2758 422 2830 pollicetur:
440 2759 482 2812 sin
499 2775 590 2812 versus
609 2759 794 2811 extremitates
815 2773 900 2810 crosss
919 2765 948 2810 et
965 2755 1168 2823 subrubescens‚
1186 2754 1231 2807 rei
1249 2771 1346 2826 aquam

259 2847 275 2884 e
290 2830 410 2884 nubibus
431 2831 567 2901 copiosam
585 2829 629 2881 sel
647 2830 730 2880 ausui
757 2830 960 2881 concitatiorem
978 2827 1071 2879 flatum
1089 2829 1217 2878 minatur.
1243 2827 1346 2896 ignorat

257 2909 347 2954 sutem
365 2917 446 2954 nemo
464 2909 595 2972 quantum
614 2900 707 2950 harum
723 2915 812 2951 rerum
828 2899 959 2951 indicatio
978 2900 1049 2950 sitae
1067 2898 1200 2951 humanae
1219 2898 1346 2951 utilitatis

259 2970 373 3023 adierat„
391 2987 452 3023 nam
472 2979 501 3022 et
521 2971 542 3022 ii
561 2971 609 3040 qui
633 2972 775 3040 navigant,
791 2969 834 3033 ,ad
863 2970 952 3022 sidera
975 2972 1149 3040 respicientes
1173 2975 1277 3020 rectum
1298 2970 1346 3020 iter

259 3042 415 3106 instituunt,
433 3057 580 3112 eorumque
599 3042 667 3093 situs
680 3043 818 3106 ,rationem
837 3040 969 3094 habentes
988 3042 1124 3110 navigium
1143 3039 1271 3107 dirigunt.
1291 3057 1346 3090 cum

260 3113 332 3163 enim
361 3114 399 3163 sic
427 3120 578 3181 comparata
603 3113 639 3163 sit
656 3128 785 3183 aquarum
802 3121 915 3177 natura,
933 3113 1008 3163 nulla
1029 3121 1131 3164 restent
1149 3111 1226 3164 utin
1245 3112 1285 3163 eis
1303 3127 1346 3162 se·

259 3182 337 3250 stigio
368 3181 467 3251 quibus
493 3181 680 3234 animadversis
709 3184 805 3234 itinera
832 3185 898 3235 mari
922 3183 1048 3236 facientes
1069 3184 1135 3234 citra
1153 3179 1346 3234 dubitationem

259 3250 480 3323 progrediantur,
507 3262 649 3322 propterea
666 3253 733 3305 deus
760 3254 814 3305 iilis
836 3256 883 3323 qui
904 3255 990 3323 ampla
1013 3255 1152 3306 traiiciunt
1170 3252 1251 3305 maria
1271 3253 1346 3304 situm

260 3331 390 3374 astrorum
412 3324 544 3376 concessit
561 3332 688 3394 tanquam
708 3325 867 3376 marinarum
889 3325 1041 3376 semitarum
1065 3325 1183 3394 vestigia.
1202 3339 1234 3374 sc
1251 3322 1288 3375 de
1310 3322 1346 3375 hit

261 3390 371 3464 quidem
388 3391 455 3445 haec
472 3402 622 3445 sanctorum
638 3404 744 3466 patrum
765 3403 805 3446 est
826 3397 967 3447 sententia.

331 3462 431 3515 Verum
456 3465 502 3515 alii
528 3463 638 3534 quidam
666 3465 767 3518 dictum
788 3465 858 3517 illud
880 3466 1041 3529 Mosaicum,
1066 3465 1140 3535 quod
1168 3464 1346 3518 indicatums

260 3533 339 3587 nobis
357 3543 406 3600 est,
427 3544 580 3588 enarrantes
591 3553 641 3606 per
659 3537 775 3588 siderum
791 3538 999 3589 commistionem
1018 3544 1098 3606 atque
1117 3536 1271 3588 distantiam
1290 3539 1346 3588 uni-

260 3620 349 3657 versas
362 3622 403 3658 res
421 3604 549 3658 humanus
561 3606 738 3661 administrari
760 3608 869 3677 regique
887 3607 1010 3672 tradunt,
1031 3609 1235 3677 prosperitatem
1254 3616 1283 3659 et
1303 3608 1346 3658 ed-

260 3691 363 3728 versam
376 3676 511 3730 fortunam
527 3677 649 3730 indidem
668 3677 839 3741 deducentes,
859 3678 981 3748 adeoque
999 3679 1155 3748 simpliciter
1170 3679 1261 3730 omnis
1282 3694 1346 3748 quat

263 3762 370 3818 cunque
391 3749 510 3819 singulos
529 3749 558 3799 in
577 3748 635 3801 dies
653 3750 724 3801 ritae
742 3750 893 3801 mortalium
910 3749 1042 3801 accidunt.
1060 3758 1088 3802 at
1104 3750 1163 3801 noli
1181 3758 1211 3801 tu
1231 3750 1346 3801 commit·

262 3824 335 3882 tere,
356 3817 454 3871 dilecte
474 3819 522 3883 fiii,
542 3827 574 3870 ut
590 3818 742 3872 huiusmodi
760 3821 965 3889 cogitationibus
987 3820 1067 3872 fidem
1084 3819 1197 3885 habeas,
1215 3821 1269 3872 nisi
1287 3821 1346 3872 reiis

264 3886 300 3938 ob
321 3902 379 3939 eam
398 3906 504 3942 causam
520 3891 613 3960 iniqua
635 3889 800 3963 deprehendi
826 3891 929 3953 sidera,
957 3891 1088 3960 siquidem
1106 3892 1173 3944 aiios
1193 3899 1346 3943 scortatore:

262 3945 398 4023 bssicisrnt,
432 3961 499 4013 alios
528 3960 682 4026 adulteros,
711 3963 778 4014 alios
806 3962 951 4015 homicidas
976 3972 1004 4015 et
1028 3960 1185 4032 praedones.
1204 3963 1346 4031 quinetiam

265 4037 328 4082 ante
348 4029 405 4098 ipsa
424 4030 509 4083 sidera
537 4031 603 4084 deus
623 4050 714 4085 eorum
744 4033 834 4105 opifex
852 4032 960 4104 iniquus
986 4034 1162 4102 reperiretur,
1184 4034 1232 4104 qui
1251 4032 1347 4103 gehen·

266 4116 328 4153 nam
345 4098 412 4170 ignis
429 4110 458 4154 et
486 4100 609 4156 tenebras
627 4113 756 4157 extremas
780 4102 966 4174 peccatoribus
992 4105 1114 4157 minatur.
1128 4120 1184 4159 non
1202 4113 1244 4157 est
1263 4112 1346 4158 auten
