2700 4792
252 228 329 342 178
575 252 790 319 arcuatus
821 250 987 315 euacua

243 411 388 493 ἐποίησεν
409 401 514 470 αὐτόν.
536 404 646 490 πράτη
659 410 783 489 ποιήσις
803 401 905 487 αὕτη,
926 398 1011 485 ἁπλῆ
1021 448 1031 479 ,
1052 393 1179 482 ἄζυγος,
1202 391 1314 484 άφθαρ

243 530 317 585 τος·
359 505 440 591 πρὸς
467 501 506 587 ἣν
529 506 568 589 δὴ
591 507 718 588 ποίησιν
745 506 852 590 άφορᾷ
875 505 929 567 κατ’
949 498 973 585 ἦ
991 502 1054 565 τῶν
1075 495 1234 584 σωμάτων
1253 496 1314 562 άνά

155 618 157 631 “
243 609 378 682 στασις.”
430 602 485 668 καὶ
512 605 549 668 τί
576 602 640 687 χρὴ
670 601 769 668 πολλά
796 605 917 684 λέγεινς
945 600 965 685 ἡ
993 603 1027 665 ἐν
1061 598 1256 680 εὐαγγελίοις
1274 619 1314 661 τοι

244 703 450 786 πλανωμένου
487 703 647 786 προβάτου
682 699 848 787 παραβολή
886 703 943 766 καί
971 699 990 784 ἡ
1024 701 1082 783 τῆς
1114 698 1314 780 άπολλυμένηι,

217 800 394 880 caradas
414 805 560 887 δραχμῆς
584 800 683 885 atria
703 801 950 887 'dneppoivovos
972 801 1096 874 πάντας
1116 796 1175 881 τὴν
1197 800 1256 861 τοῦ
1276 795 1314 858 άνΙ

243 901 374 989 θράπου
396 901 451 966 καί
471 899 589 985 πλάνην
610 902 666 965 κατ’
685 898 840 966 ἔκπτωσιν
861 924 914 965 και
936 924 996 985 την
1020 922 1066 973 τις
1088 921 1124 961 το
1149 903 1245 960 πολιν
1264 897 1314 959 ἐπι·

244 1001 388 1088 στροφὴν
414 1003 470 1065 καί
499 999 682 1082 άνάκλησιν.
731 1001 785 1064 ἐπὶ
814 995 912 1087 τοάτφ
940 995 1002 1081 γάρ
1032 1001 1087 1061 καί
1107 997 1215 1071 κλίνας
1236 997 1314 1078 οάριι

243 1102 317 1177 sodo
338 1100 354 1165 ὁ
377 1098 451 1174 θεὸς
468 1103 665 1182 necesseque
687 1103 742 1163 κατ’
760 1093 930 1183 ἅνθρωπος
951 1099 1090 1180 γέγονεν,
1113 1099 1166 1160 ἵνα
1185 1094 1260 1168 τούς
1280 1096 1314 1157 eit

243 1202 394 1275 πεσόντας
422 1200 508 1281 ἡμᾶς
537 1199 591 1263 ε’πί
620 1195 676 1282 τὴν
695 1190 837 1283 άρχαίον
857 1197 912 1261 καὶ
932 1199 1058 1279 πρώτην
1079 1194 1261 1280 ε’παναγάγῃ
1282 1218 1314 1257 τι

243 1299 315 1384 μήν.
358 1301 413 1364 καί
432 1296 494 1382 γάρ
519 1300 550 1362 εἰ
566 1294 613 1381 μὴ
634 1299 724 1362 τοῦτο
748 1289 796 1379 ἦν,
818 1298 876 1359 οάκ
897 1289 937 1359 ds
958 1290 1190 1378 ἑπιστρέφαςά
1216 1288 1314 1359 domm

244 1395 376 1486 ἥκουσιν
396 1396 572 1480 „a'vddoare
595 1392 691 1461 αὐτὸν
711 1392 770 1479 τήν
790 1394 915 1482 πράτην
937 1392 1077 1479 στολήν.”

327 1501 368 1564 Εἰ
396 1500 431 1562 δὲ
464 1497 519 1560 καί
545 1498 676 1579 λέγουσι’
703 1519 786 1570 τινες
816 1498 997 1579 πλασθῆναι
1015 1496 1074 1574 μὲν
1094 1491 1254 1558 άθάνατον
1271 1492 1314 1555 ιλιι

246 1603 327 1664 θεοῦ
347 1596 403 1662 τόν
423 1596 536 1676 Ἀδάμ,
558 1592 692 1677 δυνάμει
711 1598 746 1660 δὲ
766 1593 883 1679 θνητὸν
901 1590 992 1674 εἶναι,
1013 1598 1153 1658 τουτέστι
1177 1592 1314 1657 δάνασθι

248 1693 417 1781 θνητὸτητι
441 1705 618 1779 περιπεσεῖν
639 1692 751 1777 αὐτόν,
778 1694 841 1777 εἴγε
859 1692 906 1779 μή
933 1693 1037 1780 φύλαξ
1060 1696 1179 1757 ἐπεῖται
1203 1697 1256 1776 τῆς
1277 1695 1314 1754 δι

216 1802 360 1881 Ινθείσης
380 1795 464 1884 αὐτῷ
481 1876 483 1879 v
500 1799 643 1878 ἐντολῆς,
672 1796 834 1878 δεχόμεθα
861 1799 920 1876 μὲν
949 1791 1005 1858 τὸν
1025 1789 1119 1875 λόγον
1139 1793 1244 1858 ου’τῶν
1266 1796 1314 1876 (ει

248 1899 443 1980 παράδεκτος
471 1893 532 1981 γάρ
566 1890 649 1962 εἶναι
670 1898 768 1976 δοκεῖ,
801 1898 856 1960 καί
880 1892 1020 1975 μάλιστα
1045 1904 1110 1969 τοῖς
1139 1892 1185 1978 μὴ
1208 1896 1314 1958 θὲλουι

248 2008 318 2072 ταῖς
340 1999 403 2061 τῶν
431 1995 528 2078 άνιόιν
558 1999 702 2080 ποτέρων
732 1991 924 2077 epistimi
944 2000 1121 2079 γραφαῖς),
1150 1990 1280 2074 πάσχειν
1297 2015 1314 2049 e

250 2096 331 2174 ὅλοις
355 2096 459 2176 αάτὸν,
480 2098 640 2161 τουτέστιν
655 2097 709 2185 οῗφ
727 2093 766 2178 δή
787 2120 848 2160 τινι
869 2099 993 2180 φυσικῷ
1011 2091 1108 2157 πάθει
1122 2093 1183 2178 πρὸ
1204 2097 1257 2177 τῆς
1274 2112 1314 2153 σι

250 2197 415 2278 ραβάσεως
443 2196 631 2259 ὑποκεῖσθαι
642 2237 664 2276 ,,-
678 2195 823 2274 οὐδαμοῦ
855 2198 946 2258 τοῦτο
969 2190 1232 2275 καταδεχόμιθα.
1271 2191 1314 2255 ια’

249 2292 330 2378 γάρ,
356 2292 390 2358 εἴ
406 2296 442 2377 γε’
461 2318 531 2357 τινα
562 2297 626 2357 τοῖν
655 2289 753 2375 ἆγίοον
777 2296 923 2376 πατέριον
953 2290 1097 2357 τοιοῦτόν
1118 2318 1150 2356 τι
1180 2291 1254 2375 περὶ
1278 2307 1314 2352 τε

251 2394 380 2478 πρώτου
406 2389 579 2473 άνθράιιου
611 2388 767 2469 διεξιόντα
801 2392 863 2473 oriz
882 2385 1039 2476 εάρομενς
1062 2394 1183 2472 μᾶλλον
1202 2393 1258 2472 μὲν
1279 2377 1314 2449 oe

252 2491 366 2577 άπαθῆ
394 2495 521 2575 λέγουσι
548 2488 604 2556 τὸν
628 2493 771 2556 τοιοῦτον
800 2486 902 2573 εἶναι,
932 2495 988 2556 καί
1023 2493 1213 2573 σωματικῶν
1231 2484 1314 2554 oaesi

255 2789 328 2842 fecit.
348 2788 415 2840 haec
433 2789 518 2858 prima
533 2787 650 2841 hominis
671 2790 770 2841 creatio
795 2791 861 2854 suit,
879 2789 1007 2858 simplet,
1028 2805 1123 2858 expers
1140 2788 1272 2856 coniugii,
1287 2798 1314 2835 e:

254 2869 315 2929 pers
334 2861 475 2924 interitum
505 2860 539 2911 ad
573 2877 654 2930 quam
680 2862 843 2912 creationem
871 2874 1011 2928 corporum
1033 2861 1194 2912 resurrectio
1215 2856 1308 2926 respici

255 2933 295 2982 uti
317 2932 439 3001 quaesit
459 2931 592 2999 lapsorum
616 2930 649 2981 ad
669 2933 783 3000 pristina
806 2932 930 2982 reversio.
950 2929 1017 2999 quid
1036 2932 1121 2982 muita
1141 2930 1253 3000 proferri
1270 2939 1314 2995 op¹

255 3001 317 3052 est?
337 3002 507 3069 expositam
528 3002 676 3070 Evangeliis
693 3003 767 3069 (Luc.
792 3003 820 3052 15
840 3005 868 3073 8)
887 3002 922 3053 de
944 3017 993 3052 ove
1012 3001 1154 3052 aberrante
1177 2996 1314 3053 similitude

257 3071 408 3141 itidemque
423 3072 507 3122 altera
524 3072 559 3123 ds
578 3071 703 3123 drachma
720 3072 835 3142 perdita,
856 3090 963 3141 prorsus
981 3073 1066 3141 ipsam
1084 3073 1200 3125 hominis
1220 3082 1271 3122 tam
1286 3066 1314 3118 ds

258 3144 422 3194 emtionem
441 3151 524 3210 atque
543 3143 647 3212 lapsum
664 3161 744 3212 quam
765 3143 799 3194 ad
816 3144 957 3212 pristinum
976 3152 1074 3194 statum
1092 3144 1269 3195 reversionem
1286 3137 1314 3187 d*

258 3212 368 3263 clarant
389 3230 450 3263 nam
468 3213 543 3263 illam
563 3214 599 3265 ob
617 3231 724 3265 causam
735 3215 836 3266 relictis
855 3214 937 3265 coelis
956 3212 1022 3265 deris
1040 3215 1068 3265 in
1086 3222 1185 3267 terrem
1204 3203 1314 3265 descend

258 3291 287 3334 et
313 3282 395 3333 homo
424 3285 510 3334 factus
534 3293 590 3347 est,
607 3295 639 3337 ut
656 3302 722 3347 nos,
741 3287 788 3354 qui
815 3285 883 3354 lapsi
905 3301 1026 3348 eramus,
1045 3284 1079 3335 ad
1096 3286 1238 3354 pristinum
1257 3280 1314 3331 ates

259 3369 313 3423 que
330 3355 445 3437 primum
475 3353 552 3404 illum
572 3353 703 3407 honorem
721 3355 870 3411 reduceret
892 3357 1048 3425 caeteroqui
1067 3373 1186 3408 reversus
1204 3356 1273 3407 silius
1287 3345 1314 3400 ili

258 3423 335 3494 prodr
355 3442 387 3475 us
405 3425 478 3487 (Luc.
502 3426 530 3476 15
544 3427 589 3496 ια)
611 3445 666 3479 non
685 3426 805 3477 audisset
822 3425 949 3488 „induite
968 3427 1055 3495 ipsum
1072 3428 1162 3496 priore
1179 3425 1269 3478 stola.''

329 3441 436 3564 duodsi
458 3497 506 3564 qui
533 3494 628 3548 dicunt
645 3496 775 3548 Adamum
800 3497 911 3564 quidem
929 3514 944 3546 a
963 3496 1015 3548 deo
1034 3497 1173 3549 conditum
1192 3498 1270 3547 fuisse
1285 3492 1314 3550 11¹

259 3566 418 3630 mortalem,
439 3583 531 3617 verum
558 3567 735 3618 nihilominus
752 3567 835 3618 talem
854 3569 987 3619 exstitisse
1005 3569 1052 3637 qui
1070 3569 1191 3620 mortalis
1210 3582 1263 3618 esse
1276 3572 1314 3632 po!

259 3646 317 3699 set,
343 3636 397 3688 hoc
417 3647 457 3689 est
475 3638 522 3707 qui
539 3639 697 3689 mortalitati
713 3647 804 3707 posset
833 3638 965 3690 obnoxius
984 3639 1060 3701 fieri,
1079 3639 1215 3709 siquidem
1234 3629 1314 3690 mandi

260 3716 318 3758 tum
344 3708 396 3760 sibi
426 3710 620 3779 praescriptum
644 3725 699 3760 non
724 3708 895 3774 observaret,
925 3707 994 3760 hanc
1018 3726 1067 3760 nos
1092 3710 1203 3779 quidem
1227 3710 1314 3777 ipsorut

260 3779 410 3830 orationem
439 3779 622 3842 admittimus,
648 3787 729 3847 atque
749 3778 857 3831 admitti
883 3796 961 3849 posse
982 3779 1119 3843 videatur,
1139 3769 1312 3851 praesentari

261 3849 310 3916 qui
342 3849 421 3900 sitias
442 3867 575 3902 sacrorum
601 3858 707 3919 patrum
732 3851 830 3934 scripta
847 3852 1026 3920 pervestigare
1052 3852 1164 3902 nolunt:
1183 3854 1314 3902 nontam

262 3933 324 3968 eum
353 3920 497 3988 quicquam
526 3921 609 3971 fuisse
631 3937 751 3990 passum,
781 3921 812 3975 ad
834 3931 875 3973 eat
903 3922 954 3972 ulli
974 3921 1122 3973 adfectioni
1147 3919 1259 3973 naturali
1275 3914 1314 3965 ω’

262 3993 497 4056 transgressionem
526 3991 677 4042 subiectum
706 3992 806 4054 fuisse,
832 3991 1012 4044 concedimus.
1046 4008 1102 4059 qrro
1132 3994 1204 4043 enim
1221 3989 1248 4041 id
1262 3984 1314 4056 p³c¹

264 4059 490 4112 concederemus?
513 4078 573 4113 cum
599 4063 654 4115 tale
678 4062 807 4133 quiddam
836 4063 870 4113 de
887 4062 988 4113 Adamo
1007 4061 1135 4115 traditum
1155 4063 1189 4114 ab
1210 4060 1314 4133 utlosa¹

263 4137 366 4180 storum
382 4139 487 4201 patrum
508 4150 640 4204 nusquam
657 4135 827 4204 reperiamus.
846 4134 913 4203 quin
931 4135 1022 4204 posius
1036 4137 1116 4187 aiunt
1133 4150 1194 4187 eum
1213 4130 1314 4183 ausu<
