2722 4800
236 210 294 321 94
580 228 798 292 mouimus
829 226 995 292 enuere

236 403 391 467 ἐνιαυτῶν
411 398 427 464 ὅ
446 395 585 470 τοιούτος
599 391 810 479 καταλλάκτης
829 394 950 482 σιδάρῳ
973 391 1104 478 ἔπληξεν
1124 397 1224 461 odron
1247 400 1317 462 dna

235 502 366 586 ηδμενον
386 500 442 564 καί
460 497 531 562 τότε
555 498 601 572 εἰς
618 493 830 578 ἱπποδρομίαν
852 492 907 558 διά
928 497 987 558 τοῦ
1002 495 1104 558 edred
1124 496 1233 560 τόπον.
1280 523 1318 562 κα

237 599 278 665 τά
308 605 367 682 μὲν
399 602 458 663 τού
480 600 650 684 ἐλέφαντος
678 598 831 660 τοιαῦτα·
884 591 917 658 αἱ
939 595 975 659 δὲ
995 591 1168 676 παρδάλεις
1192 604 1318 681 φυσική

238 725 311 766 τινα
334 698 445 783 ἔχουσι
468 695 545 781 πρὸς
563 694 619 760 τὸν
639 688 810 777 άνθρωπον
830 692 933 779 ὀργάν,
954 697 1011 758 καί
1028 693 1190 779 πεφύκασι
1210 703 1319 777 μᾶλλο

239 810 306 877 τοῖς
336 799 514 886 ὀφθαλμοῖς
546 799 609 862 τῶν
645 793 823 876 ἀνθρώπων
844 791 1054 879 ἐφάλλεσθαι.
1107 796 1188 859 άλλά
1220 801 1281 861 καί
1303 801 1318 862 ὲ

238 899 341 987 χάρτῃ
365 900 491 964 ἰδοῦσαι
510 895 696 962 τυπωθέντα
718 887 897 974 ἄνθρωπον,
923 888 967 978 de
987 893 1050 957 πού
1074 918 1174 980 φησιν
1194 894 1213 959 δ
1233 901 1318 980 μέγα

238 1001 429 1079 Βασιλειος,
450 996 506 1061 τόν
524 992 648 1078 χάρτην
669 995 919 1078 σπαράττουσιν.

211 1108 232 1161 C
317 1092 445 1171 Ἱκανοῖς
475 1096 510 1158 δὲ
537 1090 736 1172 θαυμάσειεν
768 1085 807 1156 άν
826 1115 874 1167 τις
906 1094 961 1156 κατ’
988 1089 1026 1156 τά
1056 1094 1116 1157 τοῦ
1135 1095 1319 1174 Mortem

240 1194 431 1280 μοναστικδν
452 1196 552 1257 αὐτοῦ
570 1195 626 1275 τῆς
647 1192 747 1275 ζωῆς,
765 1190 801 1255 τά
825 1188 1037 1275 άκοινάνητον
1055 1191 1132 1275 πρὸς
1152 1191 1188 1255 τὸ
1212 1188 1318 1279 δμὸφυ

240 1304 306 1366 λον.
350 1291 416 1362 οἷον
437 1291 498 1376 γάρ
521 1315 568 1365 τις
589 1287 742 1375 τύραννος
772 1292 836 1354 τοῖν
856 1287 979 1373 ἀλόγων
1000 1288 1053 1354 διά
1073 1289 1130 1376 την
1150 1294 1186 1356 ἐκ
1206 1293 1318 1376 φύσεοι

240 1393 423 1482 ὑπεροψίαν
444 1391 502 1473 τήν
524 1387 604 1472 πρὸς
622 1376 702 1464 τούς,
715 1387 852 1464 πολλούς
870 1385 1037 1471 δμοτιμιάν
1057 1392 1097 1454 ού
1116 1393 1318 1473 καταδέχεται

241 1488 321 1560 ὥστε
342 1495 416 1556 ου’δὲ
435 1488 587 1573 χθεσινην
609 1487 730 1574 τροφὴν
750 1491 927 1572 προσίεται.
967 1480 994 1577 qi
1013 1489 1068 1553 καί
1087 1495 1262 1580 τηλικαῦτα
1285 1485 1318 1572 ὄρ

239 1618 322 1680 ρανα
345 1587 363 1676 ἦ
388 1587 488 1676 φύσις
509 1591 657 1691 ἐνέθηκεν
681 1585 764 1654 aiore
785 1587 886 1653 πολλά
907 1591 970 1653 τάν
994 1589 1085 1667 ζάονν
1102 1587 1318 1672 άπερβάλλοντ

243 1695 285 1779 τῇ
317 1689 469 1773 παχύτητι
501 1686 587 1774 μόνῳ
616 1686 764 1763 πολλάκις
789 1683 952 1752 άλίσκεται
984 1691 1028 1774 τῷ
1046 1687 1245 1772 βρυχήματα
1287 1714 1318 1752 κι

241 1787 455 1870 τούτοΔαβίδ
475 1787 672 1872 δπροφητης
685 1784 898 1871 ὕπεμφαίνειν
917 1789 1015 1868 λέγων
1030 1785 1068 1866 „d
1088 1789 1169 1850 λέων
1192 1788 1318 1871 ἐνεδρει

243 1911 273 1951 ει
293 1891 327 1953 ἐν
347 1885 553 1986 άπὶοκρὺφφδ
594 1883 709 1972 αἴφνης
741 1882 803 1968 γάρ
833 1882 1013 1969 ἐκπηδήσας
1039 1888 1162 1950 ἐκεῖθεν
1182 1888 1240 1950 καί
1257 1891 1318 1968 μέγ

212 2006 237 2058 Ι)
244 1988 365 2073 βοήσας
385 1986 425 2053 τά
450 1982 667 2070 παροδεύοντα
688 1987 749 2050 τοῖν
773 1982 862 2064 ζοάονν
879 1987 1034 2051 ἵστασθαι
1056 1994 1146 2067 ποιεῖ,
1168 1987 1226 2050 καί
1242 1980 1318 2050 οὗτοι

244 2087 348 2153 ε’σθιέι
368 2084 621 2169 καταλαμβάνων
650 2085 745 2149 αδτά.
795 2087 898 2161 καλοῖς
928 2076 985 2148 orie
1015 2083 1034 2149 ά
1063 2083 1231 2173 προφήτης
1254 2082 1318 2169 ἕλες

167 2208 168 2211 ’
244 2189 400 2270 ,,σκύμνοι
421 2185 616 2270 ω’ρυύμενοι”
638 2187 694 2248 καί
714 2183 752 2250 τά
772 2181 881 2248 λοιπά.

331 2287 380 2352 Ori
410 2284 620 2350 τοσοῦτονδὲ
645 2284 737 2366 ἡμεῖς
756 2279 787 2346 οἱ
811 2279 889 2369 λὸγιρ
910 2285 1126 2367 τετιμημένοι,
1155 2276 1231 2349 ὅσον
1254 2284 1318 2349 asir

246 2386 349 2474 δηπου
370 2382 410 2450 τά
433 2379 532 2467 «hoya
554 2385 621 2463 ζάα
641 2380 699 2472 την
720 2383 840 2447 σι’κειόιν
863 2381 966 2448 οἴδασι
987 2382 1167 2468 σωτηρίαν,
1186 2386 1240 2449 καὶ
1264 2382 1318 2450 ὅθι

248 2683 430 2737 deduceretur
455 2683 581 2754 elephas,
599 2684 734 2755 quendam
760 2685 913 2754 magistrum
934 2685 1051 2736 ferarum
1070 2693 1098 2737 et
1117 2686 1297 2739 cicuratorem
1314 2690 1318 2740 i

247 2755 363 2807 miliario
383 2755 523 2808 sedentem
542 2757 693 2819 interfecit,
719 2756 872 2807 immaniter
889 2754 1016 2807 adversus
1035 2758 1112 2808 illum
1132 2774 1193 2807 cum
1212 2757 1318 2810 dentibr

249 2827 306 2878 suis
332 2828 442 2878 irruens.
467 2829 525 2879 eius
553 2827 592 2877 rei
617 2843 697 2877 causa
722 2835 798 2888 erat,
822 2827 897 2895 quod
923 2827 947 2877 is
967 2834 1030 2876 ante
1048 2835 1121 2878 totos
1138 2827 1233 2878 decem
1256 2845 1318 2881 aun«

250 2897 426 2967 elephantum
451 2897 522 2949 ferro
541 2904 729 2966 percusserat,
757 2914 817 2947 eum
848 2895 876 2948 id
901 2898 1030 2965 temporis
1051 2914 1100 2966 per
1118 2898 1237 2949 eundem
1253 2900 1318 2952 locu

249 2967 287 3019 ed
309 2969 516 3036 hippodromum
534 2967 721 3019 deduceretur.
740 2966 864 3036 pardales
890 2967 1040 3018 naturalem
1060 2967 1195 3038 quandam
1215 2969 1318 3024 adversi

250 3039 374 3088 homiues
394 3041 460 3088 iram
480 3038 581 3101 fovent,
599 3056 630 3088 ac
647 3040 807 3107 plerumque
827 3047 1025 3091 consueverunt
1043 3039 1073 3091 in
1092 3039 1184 3092 oculos
1202 3039 1319 3094 hominu

252 3109 365 3159 insilire.
383 3110 449 3177 quin
470 3110 557 3177 pictos
576 3110 656 3160 etiam
677 3111 705 3160 in
723 3108 822 3160 chartis
840 3109 967 3160 lacerant

321 3179 419 3229 Leonis
442 3195 553 3248 quoque
576 3197 663 3230 mores
688 3189 717 3231 et
742 3179 862 3231 indolem
885 3198 940 3232 non
959 3177 1007 3230 abs
1030 3197 1059 3231 re
1088 3181 1149 3250 quis
1177 3178 1314 3236 admiretu

251 3248 379 3300 nimirum
405 3249 487 3300 vitam
512 3251 571 3301 eius
589 3251 737 3304 solitariam
764 3259 792 3301 et
817 3249 1008 3302 abhorrentem
1035 3268 1050 3300 a
1081 3252 1124 3303 sui
1150 3255 1256 3319 generis
1284 3272 1318 3305 an

251 3319 364 3372 melium
382 3320 513 3372 societate
533 3329 665 3372 naturam.
694 3339 755 3373 nam
775 3338 835 3372 curn
858 3322 896 3374 sit
913 3322 991 3391 quasi
1010 3321 1120 3391 quidem
1137 3321 1282 3375 brutorum
1302 3333 1318 3392 t:

252 3407 352 3441 rannus
372 3398 400 3442 et
427 3408 489 3454 rex,
516 3393 575 3460 pari
602 3408 658 3443 esee
684 3409 745 3443 cum
773 3393 886 3444 caeteris
912 3392 1016 3444 honore
1037 3394 1227 3463 dignitateque
1266 3413 1318 3447 recr

251 3471 294 3513 sat
316 3471 429 3531 propter
445 3461 581 3530 quandam
602 3462 715 3515 inditam
743 3464 797 3532 ipsi
824 3470 957 3515 anatura
982 3464 1142 3531 superbiam.
1163 3467 1318 3517 consimilia

252 3531 344 3584 cibum
365 3533 521 3584 hesternum
552 3550 608 3584 non
636 3536 724 3586 sumit.
754 3533 843 3586 eidem
861 3535 1041 3586 instrumenta
1058 3536 1131 3587 vocis
1152 3544 1230 3587 tanta
1246 3546 1318 3589 natu:

253 3603 344 3667 dedit,
358 3598 394 3656 'ut
412 3621 472 3654 eum
490 3604 617 3655 animalia
634 3605 767 3675 pleraque
784 3607 928 3657 velocitate
946 3613 1068 3673 superet,
1087 3606 1146 3657 solo
1165 3624 1318 3676 saepeuum

254 3691 285 3725 ro
307 3684 393 3727 semet
411 3676 498 3744 rugitu
521 3693 569 3726 suo
588 3675 694 3743 prodat.
715 3675 836 3728 indicare
854 3675 907 3727 hoe
926 3678 1012 3744 ipsum
1031 3686 1105 3727 vates
1125 3677 1208 3728 etiam
1228 3679 1316 3732 David

252 3743 343 3797 voluit
359 3747 466 3816 (Psalm.
490 3762 519 3797 ιο
539 3749 567 3819 9)
587 3747 661 3797 hisce
678 3748 767 3799 verbis
797 3756 943 3819 „tanquam
963 3747 1007 3799 leo
1026 3747 1127 3799 abditis
1147 3748 1175 3799 iu
1193 3748 1261 3800 locis
1280 3751 1318 3801 ins

254 3813 370 3866 dintur‚''
388 3834 450 3867 nam
468 3833 502 3868 en
520 3818 554 3868 iis
573 3826 684 3887 repente
711 3817 874 3887 prosiliens,
892 3832 988 3884 magno
1005 3820 1120 3869 clamore
1140 3818 1265 3886 sublato,
1287 3838 1318 3872 an

254 3885 337 3936 melia
365 3889 568 3956 praetereuntia
592 3890 665 3941 sistit
695 3898 723 3941 et
739 3889 792 3941 hoc
809 3888 891 3941 modo
916 3896 993 3956 capta
1012 3889 1132 3940 devoret.
1152 3891 1248 3962 itaque
1266 3909 1316 3961 prs

255 3956 327 4077 piare
343 3966 417 4009 vates
438 3960 477 4010 ait
494 3958 600 4030 (Psalm.
623 3962 669 4012 103
689 3960 734 4031 αι)
752 3961 856 4025 „eatuli
874 3959 978 4010 leonini
998 3960 1148 4029 rugientes,
1166 3970 1198 4014 ut
1215 3963 1318 4033 praeda

268 4028 383 4079 aciant”

326 4098 422 4167 Neque
439 4115 505 4152 vero
522 4117 571 4152 nos
590 4099 727 4165 homines,
745 4116 899 4171 quanquam
920 4100 1030 4154 rationis
1047 4100 1182 4154 beneficio
1197 4102 1283 4156 'simus
1305 4122 1318 4157 ο
