2766 4800
245 238 297 288 οἳ
573 229 789 295 attellamus
822 226 984 302 GLYCAE

242 386 276 447 τί
294 406 391 468 φησιν
425 379 442 444 ὁ
463 383 562 462 μέγας
579 380 747 452 Βασιλειος
768 380 802 441 έν
823 382 865 463 aqi
885 379 960 458 περὶ
978 372 1158 459 φωοτηροιν
1182 377 1260 462 ἕκτῳ
1279 374 1329 439 λα’·

243 505 287 570 γηι
310 483 425 544 adrat.
475 479 532 563 την
561 478 620 564 γαρ
643 474 868 561 ἆοτρολογικην
897 478 1009 557 τέχνην
1032 476 1087 538 έπί
1104 479 1204 556 μέσου
1228 473 1329 554 παρά-

243 607 330 664 γων,
353 580 408 644 καί
428 573 510 655 ὅπως
531 577 598 661 ἔχει
623 577 764 658 μεθόδου
786 572 1013 655 κατεξετάζων,
1035 568 1118 638 οὕτω
1141 574 1222 637 κατιὶ
1242 575 1330 658 ῥῆμα

246 682 401 757 διέξεισιν.
443 682 499 761 ,,έν
520 676 559 760 δη
583 675 707 751 τούτοις
725 686 788 749 τοῖς
816 683 976 756 λογισμοῖς
997 671 1076 737 πολι)
1098 675 1158 754 μὲν
1176 671 1211 737 τὸ
1238 670 1332 757 α’νέη-

244 801 313 859 τον,
335 775 567 842 πολλαπλάσιον
588 780 624 841 δὲ
645 774 679 838 τὰ
703 771 825 855 ἀσεβές.
867 771 948 848 τίνος
973 771 1090 853 iarum
1112 767 1162 835 ὅτι
1186 768 1217 835 οἱ
1240 779 1353 843 naxo-5

244 875 330 941 ποιοέ
352 881 415 941 τῶν
447 868 588 959 α’στέρων
617 878 671 958 τῆς
690 874 796 937 αὐτῶν
831 875 983 954 πονηρίας
1006 868 1061 935 ἐπέ
1080 867 1135 935 τὰν
1155 867 1332 958 ποιήσαντα

246 975 363 1052 αὐτους
384 974 442 1058 τὴν
465 979 569 1039 αἰτίαν
591 974 827 1054 μετατιθέασιν.
849 968 956 1037 ἔπειτα
975 972 1005 1036 εἰ
1024 973 1080 1033 καί
1097 973 1158 1034 τῶν
1179 973 1256 1051 περὶ
1280 994 1334 1032 κα-

218 1076 316 1139 Εκέαν
336 1077 391 1139 καί
419 1069 533 1158 riparia
563 1071 781 1157 ἐνεργημάτων
801 1071 859 1136 οὐκ
890 1073 925 1135 έκ
945 1073 1004 1133 τοῦ
1031 1072 1084 1154 ἐφ’
1105 1068 1180 1152 ἡμῖν
1200 1066 1282 1132 εἰσὶν
1302 1066 1336 1131 ui

247 1176 350 1257 α’ρχιιί
369 1176 440 1238 αλλ’
460 1175 494 1238 ἐκ
515 1177 569 1256 τῆς
590 1174 737 1256 γενέσεως
758 1169 793 1235 αἱ
816 1169 965 1253 α’νοίγκαι,
986 1171 1130 1253 περιττοὶ
1149 1169 1210 1248 μὲν
1231 1165 1262 1232 οἱ
1284 1189 1335 1231 νο-

245 1276 380 1355 μοθέται
414 1270 452 1336 τοὶ
486 1277 627 1356 πρακτέα
655 1269 807 1355 ἡμῖνκαὶ
828 1268 868 1334 τὰ
892 1271 1031 1356 φευκτέα
1053 1269 1264 1350 διορίζοντες,
1282 1290 1353 1334 πε-ι

247 1370 346 1456 ριττοί
364 1375 400 1436 δὲ
428 1370 456 1434 οἱ
481 1369 630 1435 δικασταὶ
647 1369 762 1454 ἀρετὴν
781 1372 930 1451 τιμῶντες
950 1371 1006 1433 κατ’
1018 1372 1171 1452 πονηρίαν
1187 1365 1337 1444 κολάζον-

246 1497 314 1546 τες·
346 1465 384 1534 οὔ
404 1472 463 1549 μὲν
482 1468 541 1554 γιὶρ
563 1475 620 1535 τοῦ
641 1473 773 1534 κλέπτου
794 1466 827 1533 τὸ
848 1469 1007 1552 ἀδίκημα,
1029 1468 1104 1531 οὐδὲ
1124 1468 1336 1551 antipatriam,

248 1563 273 1660 ᾧ
293 1595 327 1651 γε
350 1569 423 1633 οὐδὲ
456 1574 637 1658 βουλομένῳ
670 1564 804 1638 durastis*
826 1561 866 1651 ἦν
887 1577 1014 1650 κρατεῖν
1034 1570 1087 1658 τῆς
1109 1565 1226 1647 χειρός.
1271 1562 1337 1629 ἀλλ’

250 1671 306 1731 ου’κ
328 1665 396 1731 ἔστι
412 1672 527 1748 τοῦτο,
556 1667 614 1730 οὐκ
635 1666 741 1731 ἔστιν·
795 1663 997 1745 αὕτεξούσιος
1019 1664 1080 1748 γὰρ
1107 1657 1336 1745 ὃιῖνθρωπος,

247 1764 296 1832 ὅτι
319 1769 374 1829 καί
392 1771 462 1830 κατ’
482 1765 583 1831 εἰκόνα
606 1767 757 1850 παρήχθη
776 1770 865 1847 θεοῦ,
883 1769 934 1850 ἐφ’
955 1757 980 1855 ᾦ
1002 1768 1119 1847 γενέσει
1140 1765 1195 1827 καί
1216 1755 1353 1847 [iurgia-r

247 1891 298 1929 σιν
318 1867 379 1947 οὐχ
408 1863 600 1930 ὑπόκειται.”
641 1876 705 1940 τοῖς
734 1868 843 1947 μέντοι
865 1868 1111 1949 προσπταέουσιν
1131 1860 1338 1948 ὁπωσδήποτε

246 1970 320 2029 καθ’
337 1965 555 2049 εἱμαρμένην,
578 1964 621 2042 ὥς
640 1961 781 2050 εἴρηται,
802 1967 857 2030 καί
875 1961 1100 2048 συγγινώσκειν
1120 1955 1207 2041 ἄξιον
1229 1956 1279 2043 ἧν,
1300 1957 1337 2038 ου’

154 2086 156 2090 ’
247 2064 312 2147 μὴν
333 2067 496 2150 ἐπιφέρειν
518 2065 688 2149 μάστιγαςξ,
709 2061 752 2139 ὥς
772 2060 788 2128 ὃ
810 2061 1046 2148 χρυσορρὴμων
1068 2064 1210 2146 Ἰωάννης
1232 2065 1337 2148 φησιν.

217 2169 305 2231 Βκαέ
323 2165 385 2248 γαρ
406 2165 440 2229 ἐν
460 2158 507 2239 οἷς
527 2166 649 2241 ἐξέθετο
670 2165 773 2247 λόγοις
791 2165 864 2246 περὶ
882 2160 1071 2247 εἱμαρμένης
1091 2165 1148 2226 καὶ
1165 2159 1242 2226 τάδε
1258 2163 1339 2238 διέξ-

250 2290 322 2329 εισι.
382 2273 448 2337 ταῖς
477 2266 537 2343 μὲν
556 2256 613 2324 οὖν
635 2261 755 2349 ἀνάγκη
777 2263 998 2344 κατεχομένοις
1015 2258 1239 2345 συγγινώσκειν
1253 2258 1353 2330 οἴδα-ς

250 2389 321 2446 μεν.
364 2357 423 2425 κᾶν
442 2359 503 2445 γὰρ
529 2359 590 2424 ὑπὸ
614 2357 763 2443 ιλιιέμονός
783 2385 829 2436 τις
849 2362 1073 2442 ἐνοχλούμενος
1096 2357 1118 2444 ἢ
1141 2357 1196 2425 τόν
1215 2363 1338 2442 χιτῶνα

232 2461 406 2548 ’διαρρὴξη
426 2458 482 2525 τὸν
503 2458 653 2547 ἡμέτερον
676 2455 698 2544 ἢ
722 2458 842 2546 πληγὰς
861 2463 1027 2548 ἐπενέγκη,
1050 2457 1087 2524 οὕ
1108 2456 1206 2543 μόνον
1228 2463 1270 2524 ου’
1289 2485 1339 2526 κο-

254 2788 320 2840 gnus
339 2771 387 2820 ille
413 2770 526 2821 Basilius
548 2770 576 2820 in
594 2770 716 2821 oratione
735 2775 824 2831 sexta,
844 2775 974 2838 quaeest
1001 2767 1036 2820 de
1052 2767 1245 2831 luminaribus,
1261 2768 1339 2820 dicat

255 2860 316 2893 nam
335 2851 419 2893 artem
448 2841 635 2909 astrologicam
659 2841 687 2891 in
705 2839 822 2890 medium
842 2840 996 2908 proferens,
1024 2849 1052 2893 et
1068 2856 1139 2910 qnae
1158 2841 1193 2891 sit
1209 2841 1269 2890 eius
1287 2857 1342 2891 me-

254 2911 354 2965 thodus
378 2912 536 2979 explorans,
556 2910 590 2961 ad
609 2911 719 2962 verbnm
738 2909 789 2962 boc
808 2910 888 2961 modo
913 2912 1042 2980 loquitur.
1060 2912 1087 2961 in
1103 2912 1176 2962 hisce
1198 2912 1343 2962 ratiocina-

255 2983 376 3035 tionibus
396 2999 491 3048 magua
520 2983 593 3032 inest
618 2982 735 3033 stultitia
754 2990 782 3032 et
799 2983 883 3031 maior
901 2983 982 3032 etiam
1000 2983 1131 3052 impietas.
1147 2981 1343 3051 quamobrem?

255 3051 330 3121 quod
355 3052 477 3101 malefica
505 3054 642 3121 noxiaque
670 3051 760 3103 sidera
788 3052 927 3120 pravitatis
953 3069 1017 3104 suae
1036 3071 1143 3104 causam
1160 3054 1189 3102 in
1206 3062 1343 3104 auctorem

256 3140 332 3173 suum
356 3121 526 3173 transferant.
557 3122 655 3173 deinde
680 3125 702 3173 si
727 3131 780 3173 tam
798 3123 889 3174 virtuti
919 3140 997 3192 quam
1015 3124 1086 3175 vitiis
1104 3131 1344 3175 consentanearum

256 3193 394 3243 actionum
413 3193 545 3261 principia
560 3211 617 3243 non
636 3201 699 3244 sunt
717 3195 745 3243 in
762 3202 853 3243 nostra
871 3201 1015 3260 potestate,
1036 3193 1085 3245 sed
1103 3213 1118 3245 a
1136 3197 1346 3248 necessitatibue

258 3263 376 3314 siderum
405 3263 594 3314 nataliciorum
613 3263 749 3332 pendent,
769 3263 959 3331 supervacanei
983 3273 1046 3315 sunt
1073 3265 1280 3333 legumlatores‚
1298 3268 1345 3338 qul

258 3331 361 3402 agenda
380 3332 506 3400 fugienda
528 3351 562 3384 ue
591 3334 668 3385 nobis
686 3334 828 3386 definiunt.
852 3333 958 3384 nullum
976 3344 1016 3387 eat
1035 3337 1108 3387 enim
1125 3337 1169 3388 vel
1188 3336 1256 3387 suris
1276 3337 1346 3390 deli-

259 3409 330 3456 'ctum
346 3403 389 3454 vel
407 3351 576 3476 homicidae),
601 3406 624 3456 si
642 3421 676 3456 ne
697 3405 790 3456 volens
817 3404 927 3488 quidem
945 3407 1084 3458 continere
1102 3423 1211 3457 manaim
1230 3417 1345 3476 poterat.

260 3476 309 3528 sed
327 3492 382 3525 non
402 3483 443 3525 est
455 3473 507 3525 boc
525 3492 630 3539 verum,
647 3491 703 3526 non
722 3484 771 3527 est
788 3492 890 3544 quippe
908 3492 972 3526 suae
990 3478 1094 3546 spontis
1112 3487 1153 3528 est
1170 3475 1267 3539 homo,
1287 3497 1346 3530 cum

261 3547 296 3597 ad
318 3546 461 3614 imaginem
479 3545 524 3596 dei
542 3547 577 3596 sit
596 3545 700 3609 [ποίοις
719 3562 774 3613 quo
795 3546 826 3598 fit
843 3554 874 3596 ut
889 3562 978 3615 neque
995 3549 1128 3599 nativitati
1146 3556 1236 3599 certae
1255 3567 1347 3620 neque

261 3617 392 3669 sideribus
413 3615 550 3667 subiectus
569 3616 612 3670 sit,
633 3617 700 3684 quin
719 3619 800 3666 etiarn
817 3633 928 3685 quoquo
946 3617 1027 3667 niodo
1047 3617 1272 3688 delinquentibus
1291 3623 1348 3673 fato

262 3687 393 3758 quodam,
413 3696 443 3738 ut
461 3686 590 3748 diximus,
610 3703 727 3755 aequum
741 3696 812 3739 esset
829 3688 982 3756 ignoscere,
1000 3705 1055 3739 non
1072 3688 1203 3740 adbibere
1221 3691 1348 3754 verbera,

227 3760 229 3764 “
263 3757 487 3827 quemadmodum
506 3756 706 3823 Chrysostomus
730 3757 775 3808 ait.
794 3776 854 3809 nam
875 3758 1086 3810 lucrationibus
1112 3777 1178 3829 quas
1197 3760 1297 3815 habuit
1314 3762 1348 3814 de

263 3829 329 3879 Fato
348 3827 501 3879 huiusmodi
527 3826 659 3896 quaedam
679 3828 776 3879 tradit:
803 3830 836 3880 iis
857 3828 905 3897 qui
924 3831 1082 3881 necessitate
1100 3840 1251 3900 coguntur,
1270 3835 1349 3903 igno-

263 3916 337 3949 scere
355 3899 479 3950 solemus.
509 3900 610 3951 etenim
632 3898 656 3950 si
674 3900 734 3968 quis
752 3917 767 3948 a
791 3900 861 3951 malo
881 3901 959 3964 genio
977 3909 1086 3952 vexatus
1099 3903 1143 3953 vel
1160 3904 1281 3954 tunicam
1299 3922 1349 3956 no-

264 3978 346 4020 stram
362 3969 519 4020 laceraverit
547 3969 591 4021 vel
607 3987 656 4021 nos
674 3969 830 4023 verberibus
855 3968 1002 4033 adfecerit,
1020 3987 1074 4021 non
1092 3972 1174 4024 modo
1192 3991 1248 4026 uon
1266 3977 1350 4046 puni·

265 4057 323 4090 mus
347 4056 425 4102 enm,
447 4039 498 4090 sed
526 4041 607 4091 etiam
631 4041 787 4092 miseramur
822 4040 982 4110 veniamque
1011 4041 1142 4110 largimur.
1171 4045 1350 4113 quamobrem

265 4109 354 4164 istuc?
372 4110 437 4181 quia
466 4128 522 4164 non
539 4110 680 4164 electionis
706 4110 754 4162 sed
773 4110 837 4160 mali
857 4112 929 4177 genii
958 4112 998 4165 vis
1016 4129 1049 4164 ee
1065 4113 1224 4184 designavit.
1242 4133 1299 4188 qno
1319 4117 1349 4168 fit
