2662 4794
346 287 559 353 ιιιιιιιιιιιι
589 292 692 354 rsus
722 292 778 352 ιιι.
997 261 1084 364 4ιό

24 460 38 498 ι
63 433 206 518 καθάπερ
229 437 284 501 ἐιιί
300 437 361 500 τῶν
382 438 594 505 τελευτώντων
615 449 717 503 ποιεῖν
736 437 907 520 stridulus,
938 438 1033 526 άιιοίρ
1055 443 1086 503 δ’

24 562 26 577 ·
57 529 121 623 ῶρρ
140 533 310 621 τελειιτήση
328 558 392 616 τις,
416 535 475 620 τήν
494 531 564 621 ἑξῆς
583 536 681 620 μάνην
708 533 957 619 άπερτιθέμεθοι,
979 541 1019 623 τῇ
1040 541 1078 603 di

24 634 87 722 έρρ
118 636 219 698 ἓοοθεν
245 630 387 718 τριτοίαν
408 626 524 716 ἄγομεν
543 635 665 720 ἡμέραν
686 637 803 701 αάτοά·
846 640 899 700 καί
924 632 1010 702 σάτον
1028 641 1085 703 καί

24 735 46 797 ἱ
78 726 253 797 αὐτοῦτοῦ
277 737 421 814 Χριστοῦ
440 736 641 800 διανοεῖσθαί
661 760 698 800 σε
727 734 802 819 χρή.
845 735 900 800 καί
918 735 979 819 γάρ
1002 737 1081 802 κατά

24 856 49 894 ν
74 830 273 916 παρασκευήν
294 832 458 914 παρέδωκε
477 831 511 896 τά
529 836 675 915 πνεῦμα·
706 838 797 898 τοῦτο
817 838 876 914 μία
897 834 1010 921 ἡμέρα.
1042 835 1077 899 τά

24 934 152 1010 fideres
173 925 246 994 titur
269 934 304 996 ἐν
323 932 367 1016 τῷ
388 929 481 1021 τάφιρ
494 934 659 1017 ἐσοίησειλ·
681 929 751 997 ίδοά
773 934 832 997 du'o
851 932 980 1017 ἡμέραι.
1002 933 1082 1015 μετά

44 1032 138 1093 τοῦτο
163 1031 220 1112 τῆς
248 1032 399 1115 κυριακής
441 1031 682 1116 ε’τιιφωσκοάσης
703 1033 737 1096 ἐκ
766 1029 873 1116 τάφον
895 1033 1081 1116 ἐγήγερται·

24 1126 66 1190 οὐ
78 1131 132 1192 καί
146 1131 254 1213 τρίτην
268 1126 352 1211 ἔχεις
369 1129 500 1214 ἡμέραν.
522 1132 578 1193 καί
588 1130 702 1196 πείθου
716 1140 780 1206 τοῖς
799 1131 872 1216 περί
880 1134 1014 1198 Λουκάν
1028 1133 1085 1196 καί

24 1223 144 1292 λεόντοιν
169 1223 254 1292 οὗτοι
282 1229 409 1311 λέγουσι
437 1227 518 1314 πρὸς
549 1227 649 1303 aristis
677 1228 732 1294 τάν
753 1232 894 1313 Χριστόν
923 1225 1026 1311 ,,άλλά
1046 1254 1083 1313 γε
1141 1289 1145 1298 ,

27 1348 53 1387 ν
84 1331 160 1393 τοῖσι
178 1327 300 1404 τούτοις
329 1332 438 1413 τρίτην
467 1325 586 1414 ταύτην
607 1330 727 1414 ἡμέραν
748 1324 817 1413 άγει
838 1329 996 1414 σήμερον,
1025 1331 1082 1415 a‘p’

24 1417 25 1463 ss
53 1429 321 1514 torisa—dydimo&
363 1430 396 1493 εἰ
422 1431 458 1494 di
486 1432 542 1493 καί
567 1429 677 1511 τάχιον
710 1434 745 1494 ἐκ
773 1429 877 1515 τάφου
906 1429 1111 1514 ἑγήγερται,ιι

24 1523 30 1572 ι’
54 1527 128 1594 κατά
149 1531 240 1593 τοῦτο
264 1525 389 1603 πάντας
411 1524 673 1612 οἷτιασθήσεται,
708 1532 829 1609 μᾶλλον
855 1533 915 1610 μὲν
944 1522 1001 1593 οὖν
1030 1529 1085 1594 καί

24 1622 282 1711 rossem-‘rienes
314 1623 400 1711 τιαρά
431 1623 580 1708 πάντων,
610 1621 660 1691 άτι
687 1630 747 1710 μὲν
774 1628 829 1712 τήν
861 1631 1084 1713 ε’μπράθεομον

24 1724 186 1808 ιρτερήσας
213 1721 387 1806 ὑπόσχεσιν
415 1724 472 1808 τήν
499 1727 534 1789 εἰι
560 1728 678 1809 νεκρῶν
704 1727 804 1790 αὐτοῦ
836 1726 947 1811 τάχιον
974 1725 1082 1811 ἐασιή·

24 1841 72 1884 ατο
90 1821 223 1908 ἔγερσιν.
262 1823 318 1888 καί
335 1825 410 1906 περί
426 1826 487 1904 μὲν
506 1821 626 1889 τούτων
643 1821 770 1899 street
786 1828 977 1911 διαληφθεὶς
992 1833 1082 1904 θεῖος

24 1917 85 2003 hio,
106 1920 122 1989 ὃ
144 1926 180 1988 δὲ
195 1918 430 2008 χροσορρήμων
443 1920 593 2007 Ἰωάννης
614 1926 711 2011 φησίν
731 1920 780 1988 ὅτι
800 1927 855 1989 καί
869 1928 940 1990 λίαν
953 1925 1081 2008 εἰτσιήστ

24 2025 95 2097 αλῶς
123 2021 139 2087 ὅ
169 2020 309 2106 Χριστὸς
341 2020 401 2104 ιιρά
433 2025 488 2106 τής
516 2026 579 2087 τῶν
605 2028 701 2107 τριῶν
734 2024 859 2107 ἡμερῶν
887 2025 1080 2108 συμπληρῶ-

24 2139 73 2198 tog
101 2127 242 2207 ἐγερθείς
268 2123 304 2188 ἐκ
330 2126 458 2206 νεκρῶν.
496 2123 538 2187 ἐἰ
561 2122 606 2206 μή
636 2122 697 2206 γάρ
730 2122 798 2187 τότε
838 2125 950 2206 α’νὲστη
979 2130 1080 2208 καθη-

24 2222 93 2286 ιὲνιον
111 2225 230 2287 austra
249 2225 310 2287 τῶν
331 2224 533 2304 στρατιωτῶν
563 2226 618 2286 καί
636 2221 878 2307 φυλασσόντων,
907 2224 975 2287 αλλ’
999 2223 1078 2288 α’να-

24 2321 203 2406 ορησάνταιν
220 2321 301 2404 μετά
323 2322 380 2405 τήν
402 2324 510 2406 τρίτην
530 2321 674 2405 ἡμέραν,
698 2319 785 2403 είχον
817 2317 857 2385 άν
889 2348 920 2388 τι
947 2327 1003 2388 καί
1027 2329 1078 2389 λε’·

24 2441 62 2486 ειν
82 2422 110 2489 οἱ
130 2422 278 2488 κάκιστοι.
305 2422 488 2508 epodo-‘iace
503 2421 614 2486 λσισὸν
631 2420 779 2498 άναστάς.
812 2422 877 2488 ἔδει
898 2422 960 2509 γάρ
974 2449 1078 2509 nupe-

68 2610 104 2662 ιλ.
127 2605 193 2682 μὲν]
211 2599 250 2678 μή
261 2606 274 2659 ?

24 2744 130 2796 sisoere
155 2745 342 2796 consuevimus
362 2745 410 2813 qui
432 2744 488 2795 vita
509 2745 697 2807 decesserunt,
727 2754 758 2797 ut
785 2762 946 2815 quocunque
965 2746 1074 2799 tandem

24 2829 60 2867 σοι
83 2818 141 2886 quis
166 2817 312 2877 moriatur,
339 2815 421 2865 modo
448 2815 506 2866 dies
524 2817 593 2867 alter
613 2815 777 2878 intercedat,
797 2834 858 2867 eum
878 2834 982 2870 summo
1000 2820 1075 2869 tertii

24 2886 51 2938 isi
67 2904 142 2938 mane
154 2887 245 2938 triduo
267 2887 320 2936 iens
336 2895 469 2937 mortuum
488 2886 694 2955 perhibeamus,
724 2885 795 2937 idem
824 2886 858 2938 sle
877 2887 982 2938 Christo
1000 2890 1075 2956 cogi-

24 2975 53 3008 re
68 2978 114 3011 nos
136 2967 253 3027 oportet.
280 2973 342 3008 nam
369 2956 392 3007 is
414 2957 472 3024 ipso
496 2958 707 3025 praeparationis
735 2957 779 3007 die
806 2957 927 3026 spiritum
950 2957 1002 3008 deo
1019 2967 1075 3008 trs.

24 3028 79 3082 ldit:
96 3032 154 3082 dies
173 3031 254 3099 igitur
273 3027 318 3078 hic
338 3044 406 3078 unus
425 3035 473 3078 est
508 3027 649 3079 sabbatum
670 3036 755 3079 totum
776 3029 804 3078 in
821 3028 944 3096 sepulcro
962 3030 1075 3080 mansit:

24 3113 36 3149 s
57 3101 123 3155 diem
150 3103 264 3153 alterum
288 3098 380 3151 habes.
401 3097 500 3148 deinde
522 3116 579 3149 cum
602 3099 653 3149 ium
673 3097 824 3150 dominicus
845 3099 903 3150 dies
923 3099 1075 3163 diluxisset,

35 3176 148 3241 sepulcro
169 3173 297 3241 resurgit:
316 3187 350 3221 en
364 3168 435 3219 diem
455 3167 507 3219 tibi
525 3168 644 3221 tertium.
670 3168 736 3220 haec
754 3186 816 3220 vera
834 3169 925 3234 debis,
945 3171 967 3222 si
986 3171 1075 3222 Lucae

24 3241 43 3307 24
58 3247 100 3316 οι)
118 3244 193 3296 τολει
212 3252 240 3294 et
260 3242 376 3310 Cleopae
390 3239 508 3303 credere,
529 3241 574 3309 qui
588 3240 622 3290 ad
636 3241 722 3309 ipsum
735 3241 868 3292 Christum
883 3242 961 3293 aiunt
980 3260 1075 3306 „acce-

24 3315 82 3366 tad
99 3315 292 3376 haecomnia,
315 3312 391 3382 quod
407 3311 504 3362 tertius
523 3309 569 3362 bie
587 3310 643 3362 diss
663 3313 768 3377 uritur,
793 3328 826 3362 ex
844 3330 898 3381 quo
921 3311 987 3363 haec
1005 3315 1075 3364 lacta

24 3389 79 3435 tnt”
97 3389 175 3438 citius
202 3394 291 3437 sutem
318 3384 459 3451 aliquanto
479 3381 613 3434 Christum
633 3399 648 3433 e
667 3383 789 3449 sepulcro
810 3384 1000 3447 resurrexisse,
1017 3384 1077 3433 cul-

24 3467 55 3503 ιιιι
78 3458 189 3508 omnino
214 3457 318 3508 nullom
346 3462 481 3504 meretur:
503 3451 551 3503 sed
575 3455 665 3521 potius
683 3450 735 3504 hoc
754 3453 865 3503 nomine
891 3455 972 3521 magis
994 3456 1076 3505 etism
1148 3450 1155 3463 ‘

24 3528 173 3579 »omnibus
198 3537 240 3579 est
268 3525 437 3586 adorandus,
464 3522 539 3593 quod
563 3525 694 3591 praestita
716 3524 865 3575 toleranter
883 3525 1076 3592 promissione,

24 3598 60 3646 usi
84 3601 212 3667 temporis
239 3599 326 3665 spatio
357 3595 484 3657 delinita,
521 3595 634 3645 celerius
664 3595 886 3645 resurrectionem
908 3612 940 3646 ex
961 3596 1075 3646 mortuis

24 3678 66 3717 Ιιιιι
92 3670 270 3722 maturaverit
299 3668 328 3718 in
352 3665 424 3717 hunc
442 3665 551 3717 modum
573 3665 680 3716 divinus
707 3665 755 3715 ille
773 3667 828 3727 vir,
846 3682 927 3734 quem
944 3666 1074 3729 diximus,

24 3749 48 3786 ¹0
72 3741 105 3792 ‹le
133 3759 162 3796 re
188 3740 322 3791 disseruit.
348 3737 482 3789 lohannes
511 3746 600 3788 autem
628 3735 833 3803 Chrysostomus
866 3737 904 3787 uit
939 3736 1074 3790 Christum

24 3807 75 3861 ὲῐιια
99 3812 179 3863 valde
202 3813 230 3861 in
259 3826 291 3860 eo
310 3810 447 3878 praeclare
466 3808 575 3871 iecisse,
606 3806 679 3877 quod
706 3815 768 3857 unte
797 3805 856 3858 dies
879 3815 935 3858 tres
955 3809 1075 3876 comple·

24 3894 41 3928 ιε
69 3884 249 3935 resurrexerit.
299 3881 399 3931 etenim
433 3881 455 3931 si
481 3896 514 3929 eo
541 3881 600 3948 ipso
632 3887 753 3946 ternpore
786 3894 842 3928 non
867 3879 1072 3945 resurrexisset,

24 3953 218 4005 *remorantibus
244 3952 332 4003 adhuc
359 3950 421 4001 istic
445 3949 576 4000 militibus
613 3949 819 4018 sepulcrumque
846 3948 1074 4014 custodientibus,

26 4016 64 4070 leo
84 4042 117 4076 ue
143 4025 165 4076 si
186 4024 286 4074 milites
303 4022 380 4072 illinc
398 4021 479 4072 tertio
498 4020 542 4070 die
565 4019 768 4080 discessissent,
789 4017 911 4070 homines
930 4021 1075 4090 improbis.

24 4093 55 4141 mi
66 4041 178 4147 iortssse
191 4092 314 4144 nonnihil
328 4091 487 4142 habuissent
505 4107 561 4159 quo
581 4105 609 4140 se
626 4097 777 4157 purgarent
804 4099 969 4159 quopropter
987 4108 1074 4142 resur·

24 4163 82 4218 todo
100 4168 173 4237 ipsos
191 4163 342 4226 antevenit,
360 4159 434 4232 quod
455 4169 593 4232 oporteret
611 4159 721 4210 omnino
739 4159 792 4210 illis
814 4159 905 4212 adhuc
923 4162 1074 4231 sepulcrum
