2766 4800
176 256 246 319 XlV
602 251 850 316 LEUNCth'll

178 419 210 472 et
230 405 315 469 malis
335 403 450 489 geniis,
478 400 516 464 do
538 403 658 480 animo,
687 402 726 464 de
748 404 940 485 praevisione
961 402 1083 484 divina,
1120 430 1193 473 uum
1213 411 1265 476 illa

178 509 299 594 peccati
309 528 401 568 causa
410 507 459 584 sit,
474 504 513 565 de
536 503 794 565 obdurationihus
816 504 996 586 impiorum,
1015 500 1265 593 de‘magicornm

182 620 215 672 ct
233 627 382 671 verorum
402 604 622 687 prodigiorum
644 603 843 676 discrimine,
865 625 932 689 quo
953 605 1025 667 loco
1045 608 1084 671 de
1104 613 1264 674 Antichri-

176 712 215 770 sti
236 711 329 771 etiam
352 704 509 768 miraculis
538 725 574 764 ac
593 703 765 787 praestigiis
790 705 869 787 agit3
892 703 931 766 de
957 707 1050 768 variis
1074 712 1265 794 tamphilo.

176 809 350 892 sophorum
371 828 465 890 quam
483 803 715 865 haereticorum
737 805 943 887 opinionibus.
958 807 1069 890 quodsi
1088 811 1157 894 quis
1177 814 1265 875 arbi.
1343 862 1345 866 ,

178 919 281 970 tratur
314 906 398 968 hisce
426 904 466 967 de
486 904 578 967 rebus
613 905 740 967 minime
773 903 982 966 ‹lisserendum
1004 907 1053 969 vel
1078 910 1110 969 iu
1133 909 1265 975 historia

177 1009 227 1070 vel
248 1010 281 1069 iu
301 1002 505 1067 annotatione
522 1013 716 1087 temporum,
740 1005 764 1064 is
784 1006 860 1066 sciat
877 1006 1014 1089 primurn
1032 1008 1109 1072 haec
1128 1011 1265 1074 iuniori.

127 1143 134 1167 ι
175 1108 233 1170 hus
253 1127 315 1172 esse
327 1105 512 1190 perscripta,
535 1124 670 1188 quorum
688 1104 807 1165 animos
830 1106 921 1166 rectis
931 1109 1096 1186 sententiis,
1118 1118 1156 1172 ut
1166 1113 1264 1194 paulo

174 1217 247 1270 autc
273 1206 534 1290 significabamus,
567 1205 664 1265 imbui
699 1205 860 1288 permagni
891 1207 999 1277 refert.
1034 1197 1145 1272 deinde
1171 1213 1265 1275 velim
1356 1238 1358 1243 ·

175 1309 290 1393 Glycae
310 1315 419 1368 nostro
441 1304 491 1366 vel
509 1304 593 1366 illam
616 1307 657 1366 ob
680 1325 802 1367 causam
823 1307 862 1367 sit
882 1308 1030 1390 aequior,
1051 1309 1137 1392 quod
1159 1311 1265 1395 plera..

174 1431 236 1494 que
258 1422 323 1470 non
354 1407 398 1468 ita
416 1405 537 1490 prolixe
556 1427 614 1468 nco
636 1407 762 1468 confuse
793 1404 957 1468 tradiderit
979 1417 1016 1470 ut
1037 1408 1211 1474 Cedrenum
1233 1423 1267 1476 et

173 1509 248 1570 alios
270 1507 422 1569 factitasse
441 1504 598 1584 videmus,
620 1506 675 1590 qui
699 1505 882 1589 compendia
906 1508 1056 1591 quaedam
1073 1513 1264 1593 promitten-

172 1618 217 1672 tes
238 1609 397 1671 volumina
424 1627 550 1690 prorsus
581 1607 737 1690 iugentia,
766 1630 908 1691 quaeque
928 1610 993 1672 siue
1024 1610 1127 1673 taedio
1152 1614 1265 1697 pellegi
1341 1635 1344 1641 ·

172 1712 356 1794 nequeunt,
384 1709 517 1792 posteris
542 1707 707 1791 reliquere.
742 1717 814 1791 post
836 1709 993 1772 Christum
1015 1720 1139 1791 natum,
1173 1724 1265 1797 purte

172 1811 290 1872 scilicet
306 1809 409 1892 operis
431 1808 542 1886 tertia,
560 1828 632 1869 cum
662 1808 797 1892 imperio
817 1809 959 1871 Romano
980 1810 1144 1874 historiam
1163 1813 1265 1878 eccle.

172 1912 234 1975 siae
253 1909 423 1992 coniungit.
446 1916 491 1971 est
511 1916 615 1969 autem
636 1907 706 1972 heic
720 1917 881 1971 accuratus
904 1909 1071 1973 admodum
1091 1912 1122 1973 in
1142 1913 1264 1977 brevis.

168 2008 251 2074 simis
273 2031 429 2072 annorum
444 2009 664 2087 notationibus,
686 2009 797 2093 quibus
812 2010 1013 2094 imperatores
1027 2012 1137 2096 singuli
1159 2035 1266 2078 renum
1378 2074 1382 2081 .

169 2113 266 2196 potiti
285 2113 428 2174 fuerunt.
449 2132 514 2172 nou
536 2111 641 2170 omnia
659 2108 785 2193 quidem
807 2111 933 2172 illorum
947 2112 997 2173 vel
1011 2111 1093 2174 dicta
1113 2113 1162 2175 vel
1183 2116 1265 2179 sacta

173 2220 314 2277 recenset
336 2216 405 2290 (nec
427 2211 508 2272 enim
529 2208 590 2270 hoc
610 2207 660 2270 vel
672 2210 850 2272 instituerat
869 2210 919 2273 vel
939 2211 1032 2273 etiam
1051 2212 1153 2275 faeere
1167 2213 1264 2279 debe.

169 2315 241 2392 but,
266 2312 388 2374 annales
409 2307 518 2371 mundi
549 2310 659 2371 breves
691 2310 892 2392 scripturus),
912 2312 1065 2373 memoria
1085 2319 1189 2375 tamen
1211 2315 1263 2378 in..

169 2413 388 2496 dicationequc
411 2409 504 2492 digna
522 2409 649 2470 minime
670 2409 833 2491 praeterit.
865 2417 897 2470 et
918 2409 992 2493 qnia
1012 2410 1137 2474 tandem
1158 2399 1296 2498 impet

173 2515 255 2576 rium
268 2514 444 2574 Romanum
452 2509 634 2593 Byzantium
656 2508 719 2571 sive
738 2508 1040 2592 Constantinopolim
1064 2514 1201 2577 Graecos
1222 2515 1262 2577 ad

169 2614 311 2675 homines
339 2609 522 2671 translatum
548 2608 625 2686 luit,
645 2609 710 2670 eius
738 2609 831 2691 ipsius
853 2610 940 2693 regni
961 2612 1073 2675 seriem
1095 2636 1131 2676 ae
1151 2636 1200 2678 res
1223 2618 1261 2678 ab

172 2714 296 2798 regibus
320 2720 417 2796 gestus
442 2707 605 2791 diligenter
620 2716 757 2770 extrema
776 2709 808 2769 iu
821 2719 912 2791 parte
932 2713 1146 2797 prosequitur,
1176 2715 1261 2799 quod

175 2816 364 2878 existimaret
393 2811 436 2872 ibi
457 2809 609 2896 principis
633 2817 727 2893 atque
740 2809 863 2871 maximi
885 2830 946 2893 per
966 2814 1077 2876 orbem
1101 2823 1268 2898 terrarum,

173 2916 297 3000 imperii
317 2911 419 2975 sedem
439 2931 511 2988 esse,
533 2930 606 2970 cum
627 2931 691 2993 quo
717 2930 764 2971 res
785 2909 962 2991 occidentis,
985 2911 1112 2976 horest
1132 2923 1261 2992 nostras,

170 3018 297 3079 minime
318 3008 521 3076 conserendas
546 3017 704 3072 statueret
725 3008 807 3071 hauc
826 3011 922 3094 ipsam
943 3013 984 3074 ob
1006 3002 1129 3079 cansam
1152 3025 1260 3079 nostra

168 3116 289 3179 silentio
311 3110 475 3199 praeterit,
497 3129 634 3194 quorum
653 3133 688 3171 ex
706 3109 770 3174 aliis
789 3113 900 3174 notitia
921 3115 984 3197 peti
1007 3135 1071 3178 non
1092 3115 1259 3180 difficulter
1305 3143 1307 3148 ’

167 3225 281 3301 potest
300 3212 434 3275 vicissim
454 3210 554 3271 nostri
574 3212 640 3273 fere
660 3210 738 3273 nihil
752 3211 790 3274 do
812 3214 1014 3277 orientalibus
1027 3216 1089 3276 istis
1101 3217 1258 3301 principi.

168 3316 226 3380 lsus
245 3323 319 3399 post
340 3314 453 3375 lacmm
463 3309 568 3371 Caroli
589 3310 693 3394 magui
713 3312 907 3396 temporibus
930 3313 1054 3398 imperii
1074 3315 1258 3380 divisionem
1335 3336 1338 3353 ·

167 3415 338 3479 memoriae
370 3410 602 3496 prodiderunt,
622 3413 814 3476 'conantibus
846 3415 988 3500 utrisque
1021 3438 1095 3478 suae
1123 3417 1259 3483 nationis

165 3515 344 3578 hominibus
373 3533 471 3595 opera
498 3530 553 3576 sun
572 3512 699 3578 servire.
734 3532 859 3597 possum
892 3523 995 3577 autem
1021 3537 1095 3577 vere
1113 3515 1257 3599 polliceri

167 3617 336 3680 lectoribus
358 3615 390 3675 in
412 3611 472 3673 hac
492 3621 629 3674 extrema
649 3621 740 3695 parte
759 3612 856 3676 multu
877 3622 988 3676 notatu
1003 3615 1145 3698 apprime
1165 3615 1258 3702 digua

167 3715 318 3800 reperiri,
355 3733 491 3797 quorum
513 3734 553 3774 ue
583 3713 680 3775 verbo
701 3712 828 3797 quidem
843 3713 1035 3798 prolixarum
1054 3713 1257 3782 historiarum

165 3817 335 3898 scriptores
358 3813 574 3875 meminerunt.
602 3818 696 3898 atque
728 3812 841 3875 harum
874 3814 906 3875 in
935 3832 1042 3876 rerum
1064 3818 1256 3900 expositione

166 3914 312 4002 pervenit
331 3911 370 3975 ad
402 3932 440 3976 ea
459 3921 603 3996 tempora
631 3935 710 3996 quae
737 3922 875 3976 nostram
900 3913 982 3976 hauc
1013 3926 1147 3981 aetatem
1167 3920 1255 3982 annis

167 4014 262 4100 paulo
279 4013 407 4097 amplius
429 4034 502 4074 cccc
523 4023 775 4095 praecesserunt,
797 4012 859 4075 hoc
881 4023 926 4077 est
945 4015 984 4076 ad
1004 4017 1170 4081 Iohannem
1181 4018 1254 4082 ule.

166 4118 209 4180 xii
229 4117 444 4196 Comnenum,
474 4113 524 4175 cui
547 4112 674 4175 Pulchri
701 4134 872 4197 cognomen
901 4115 1007 4179 datum
1024 4117 1091 4179 fuit.
1115 4117 1267 4181 arbitror¹
