2722 4800
269 211 325 326 74
596 231 813 301 aurelianis
843 230 1007 297 cauom

266 390 366 477 φύσιν
395 383 480 473 ἔχει·
535 383 680 469 μαλακὸν
705 389 765 471 μὲν
785 382 846 473 γάρ
869 387 956 452 ἔστιν
976 379 1083 471 ὥσπερ
1104 382 1204 471 σάρξ,
1225 383 1295 471 ἔχει
1317 391 1333 454 ί

264 485 358 556 τάσιν
373 484 481 574 ὥσπερ
502 489 625 572 νεῦρον.

346 585 419 673 Χρη
443 590 479 652 δέ
499 609 535 654 σε
554 590 611 653 καί
628 591 720 653 τούτο
740 585 815 672 περὶ
840 586 903 650 τῶν
922 580 1048 667 ἰχθύων
1068 586 1194 652 εἰδέναι.
1238 584 1274 652 τύ
1294 592 1333 671 μὲ

264 686 325 772 γὰρ
346 680 443 771 ἄρρεν
461 685 517 751 καί
536 689 620 774 θῆλυ
640 688 729 761 ἰδίως
753 687 915 770 νήχονται,
935 684 973 748 οὗ
993 686 1191 768 σογγινονται
1214 690 1260 769 δέ,
1285 687 1333 751 α’λί

267 784 468 872 ιίσπόροος“ί“ξ
487 783 603 862 ὕδατος
620 790 676 851 καί
694 783 872 868 πνεύματος
891 788 949 850 τοῦ
969 784 1088 865 ἀνέμου
1109 787 1276 873 τίκτονται,
1296 785 1334 872 τη

265 883 476 971 πνευματικὴν
494 885 584 970 η’μοῖν
596 888 742 951 ἐντεῦθεν
764 886 820 949 καί
837 877 976 967 ἄσπορον
994 886 1028 961 ἐξ
1046 880 1162 961 ύύατος
1182 890 1238 951 καί
1256 885 1333 952 πνεύ

263 1009 361 1068 ματος
385 988 638 1071 προσημαίνοντα
657 988 818 1072 γέννησιν,
843 982 888 1059 οἷς
914 981 932 1046 ὅ
954 980 1117 1060 θειότατός
1138 1008 1237 1072 φησιν
1258 985 1333 1070 Ἀνμ

262 1081 436 1161 στάσιος·

340 1185 426 1252 Ἀλλ’
460 1176 536 1251 ouili
553 1181 663 1267 ,τοῦτο’
691 1207 727 1251 σε
758 1186 982 1271 παραδραμεῖν
1009 1176 1106 1263 ύξιον.
1154 1182 1171 1249 ὅ
1199 1194 1333 1271 χερσαίο

262 1279 338 1372 ὄφις
355 1288 400 1374 τῷ
419 1285 555 1371 αἰγιαλῷ
574 1281 715 1370 προσιύν
735 1282 897 1369 συρίττει,
918 1285 973 1349 καί
990 1283 1145 1369 συρίττονν
1168 1294 1333 1372 προσκαλεῖ

262 1410 317 1451 ται
336 1384 393 1467 την
420 1381 582 1467 μύραιναν
610 1389 656 1463 είς
684 1385 873 1472 συνάφειαν.
930 1382 948 1449 o‘
975 1385 1053 1468 γοῦν
1079 1384 1256 1464 θαλάσσιος
1278 1380 1333 1474 cios

183 1492 211 1553 P.
222 1496 257 1567 39
266 1482 320 1551 εἴτ’
342 1476 401 1549 οὖν
424 1483 444 1567 ἦ
462 1481 605 1570 μύραινα
624 1487 668 1576 τῷ
690 1488 836 1574 συριγμῷ
854 1479 1018 1550 ἀκούσασα
1032 1484 1133 1562 ειίθύς
1147 1484 1333 1569 ἐπανάγεται

262 1572 320 1648 καί
339 1585 571 1665 συμπλακέντες
599 1583 761 1669 ἀλλήλοις,
790 1581 945 1670 πρότερον
971 1585 1031 1649 τοῦ
1050 1587 1205 1670 χερσαίου
1226 1584 1282 1651 τὸν
1303 1584 1330 1651 ii

262 1683 488 1764 ἒξεμέσαντος,
510 1682 590 1765 πρὸς
621 1681 659 1749 τοὶ
678 1680 746 1749 ἴδια
778 1681 889 1748 ὅκαθ’
910 1684 965 1748 ἕνα
986 1692 1097 1768 χωρεῖ.
1139 1677 1276 1769 εὔδηλον
1295 1678 1333 1749 ού

262 1781 410 1846 ἐντεῦθεν
429 1775 477 1846 ὅτι
499 1782 554 1847 καί
588 1777 604 1847 ὅ
625 1780 736 1870 νοητὸς
757 1775 831 1870 ὄφις
853 1786 996 1871 συριγμῷ
1013 1781 1068 1848 καί
1087 1784 1278 1865 δελεάσματι
1298 1810 1333 1848 κα

261 1878 426 1964 ύαοκρίσει
459 1875 559 1967 ἤθους
583 1887 728 1969 χρηστοῦ
756 1880 813 1948 καί
844 1885 1025 1968 συμβουλῆς
1055 1881 1179 1966 οἷγαθης
1200 1880 1276 1960 τούς
1298 1884 1333 1947 ἄν

261 1976 413 2064 θρύπους
431 1981 597 2067 ἐφέλκεται
614 1983 669 2048 καί
685 1980 763 2048 secui
793 1981 827 2049 τύ
848 1981 1005 2067 βουλητὸν
1027 1984 1114 2071 αύτῷ
1133 1980 1256 2060 τούτοις
1277 2008 1333 2066 συγ

261 2083 398 2163 γίνεται,
419 2087 476 2146 τοῦ
500 2077 615 2161 ύύατος
637 2080 694 2148 καί
706 2079 883 2166 πνεύματος
898 2083 1054 2168 πρότερον
1069 2080 1187 2158 αύτούς
1208 2084 1333 2162 ε’ξιστύν

261 2173 299 2244 ού
320 2177 381 2265 γάρ
417 2175 457 2244 ιῖν
484 2175 588 2258 ἄλλως
614 2183 806 2265 μεταδοῦναι
837 2180 957 2257 τούτοις
985 2185 1043 2245 τοῦ
1071 2184 1187 2247 οἰκείου
1218 2185 1333 2248 δύνατο

261 2277 394 2365 σπόρου,
416 2283 446 2344 εἰ
463 2279 507 2364 μη“
530 2283 632 2346 πάντα
650 2279 755 2359 κύλαν
773 2280 904 2366 κινήσας
923 2279 1044 2346 ἐκεῖθεν
1067 2280 1186 2356 αύτούς
1204 2274 1333 2348 α’ποσπιί

233 2395 341 2447 Buces.
361 2376 418 2442 καί
436 2381 473 2443 τί
488 2375 552 2462 χρῆ
575 2377 675 2443 πολλοὶ
700 2384 800 2464 λέγειν
823 2381 880 2444 καί
900 2383 1095 2466 ἀπαριθμεῖν
1114 2378 1154 2445 τύ
1177 2387 1253 2447 καθ’
1275 2383 1333 2447 ἕνα

262 2500 354 2562 arev,
383 2478 453 2545 ἐπεί
477 2472 591 2565 ἑρπετά
621 2469 668 2546 οἷν
696 2480 755 2545 οὐκ
772 2476 857 2547 ἔστιν
881 2477 1034 2567 α’ριθμόςς
1059 2481 1115 2547 καί
1133 2476 1250 2568 ἑρπετὰ
1271 2483 1329 2564 μέν

260 2770 371 2824 habent.
402 2779 466 2824 sunt
480 2771 553 2825 enim
577 2768 674 2825 molles
694 2772 780 2827 instar
797 2772 899 2837 caruis,
924 2779 952 2825 et
971 2769 1049 2824 tendi
1065 2770 1245 2825 nihilomiuus
1260 2774 1333 2826 insta

260 2843 336 2896 nervi
375 2852 476 2896 essunt.
723 2868 724 2872 ¹
1071 2852 1072 2858 ’

329 2860 387 2966 Hic
405 2915 488 2967 ctiam
506 2913 541 2966 ‹le
561 2912 681 2984 piscibus
700 2914 754 2968 tibi
770 2912 984 2984 cognoscendum
1003 2922 1060 2978 est,
1082 2912 1157 2983 quod
1184 2931 1241 2966 mas
1260 2922 1289 2967 et
1306 2914 1332 2967 l'e

258 2984 332 3037 mina
349 3001 470 3037 seorsum
488 2993 603 3048 natent,
620 3003 671 3038 nec
686 2986 759 3039 inter
778 3002 807 3038 se
823 2993 1010 3049 consuescunt,
1028 2985 1076 3036 sed
1096 2983 1198 3054 absque
1217 2986 1294 3037 coitu
1313 2985 1333 3037 cl-

257 3070 329 3124 equa
347 3054 470 3124 flatuque
494 3056 570 3108 venti
593 3056 748 3125 gignuntur.
774 3072 829 3127 qua
844 3056 956 3127 quidem
974 3073 1003 3109 re
1021 3057 1169 3126 spiritualis
1187 3056 1238 3107 illa
1255 3065 1333 3108 nostr⁴

258 3132 289 3177 et
304 3125 390 3177 coitus
409 3141 504 3195 expers
524 3128 661 3195 generatio
678 3126 714 3181 de
732 3144 804 3199 equa
822 3135 851 3179 et
868 3129 964 3198 spiritu
982 3127 1151 3197 exprimitur,
1170 3128 1333 3197 quemadmo

259 3193 324 3246 dum
342 3198 497 3249 Anastasius
515 3197 614 3266 inquit.

326 3266 369 3319 Ne
386 3264 438 3319 hoc
456 3266 567 3338 quidem
584 3268 675 3322 obiter
689 3268 838 3340 praeterire
858 3268 951 3322 debes.
975 3285 1085 3339 serpens
1103 3269 1239 3321 terrestris
1259 3269 1295 3319 ad
1314 3268 1333 3320 li

257 3343 304 3389 tus
322 3337 452 3392 accedens
461 3340 574 3391 sibilum
592 3339 666 3406 edit,
686 3358 741 3411 quo
759 3356 915 3392 muraenam
933 3341 1040 3393 invitat
1057 3340 1109 3391 hoc
1126 3339 1220 3391 audito
1239 3356 1334 3392 murae

257 3425 295 3461 ua
313 3425 376 3460 mox
401 3409 523 3474 aceedit,
542 3426 574 3462 ae
591 3420 716 3480 serpente
737 3412 859 3464 terrestri
875 3428 1010 3465 venenum
1026 3412 1100 3481 prius
1119 3419 1270 3480 exspuente
1288 3429 1333 3462 mu

257 3488 321 3532 tuos
337 3481 367 3532 in
392 3482 548 3551 complexus
572 3484 703 3548 veniunt,
723 3481 870 3535 secundum
895 3499 964 3553 quos
981 3491 1097 3551 uterque
1114 3482 1150 3534 ad
1168 3498 1216 3533 sua
1234 3498 1263 3533 se
1282 3498 1333 3534 con

258 3555 358 3605 lerunt.
386 3551 420 3604 de
448 3569 503 3623 quo
522 3554 647 3622 exemplo
675 3554 819 3624 perspicue
841 3561 933 3624 potest
950 3553 1068 3621 intelligi
1088 3553 1171 3604 etiam
1191 3562 1333 3622 serpenteu

257 3622 336 3674 illum
353 3623 543 3676 intellectilem
574 3624 656 3676 sibilo
680 3624 799 3696 quodam
820 3633 850 3677 et
866 3624 1051 3688 inescatione,
1068 3624 1228 3693 probatque
1245 3624 1332 3675 indoli

258 3700 288 3745 et
303 3692 369 3747 boni
385 3696 494 3767 consilii
512 3695 685 3748 simulatione
702 3696 828 3748 mortales
849 3696 975 3759 allicere,
993 3710 1097 3764 proque
1115 3695 1248 3747 arbitratu
1267 3704 1296 3748 et
1312 3694 1333 3745 li

260 3761 357 3816 bidine
376 3783 423 3818 sua
442 3768 559 3820 cumeis
578 3767 872 3836 consuesceresprius
893 3781 975 3837 opere
993 3765 1055 3817 data
1073 3773 1105 3817 ut
1124 3783 1224 3836 aquam
1243 3774 1271 3818 et
1291 3766 1332 3835 spi

178 3872 182 3880 .
260 3833 341 3886 ritum
356 3838 528 3910 relinquant:
546 3855 607 3890 nam
617 3839 698 3891 aliter
711 3854 804 3892 semen
821 3855 898 3890 sunm
918 3838 947 3889 in
965 3852 1011 3887 eos
1031 3837 1222 3889 transfundere
1239 3838 1333 3906 nequit

259 3904 313 3956 nisi
333 3909 406 3959 omni
430 3911 495 3962 fune
512 3904 587 3963 moto
605 3909 641 3962 ab
660 3909 704 3962 his
720 3908 827 3961 duobus
844 3910 918 3978 ipsos
939 3907 1124 3977 avellatquirl
1142 3916 1233 3959 autem
1254 3907 1332 3959 multi

259 3974 350 4028 verbis
368 3994 435 4048 opus
449 3981 507 4033 est?
525 3999 572 4032 cur
590 3982 696 4052 singula
708 3996 915 4033 commemorare
933 3978 1066 4030 velimus?
1083 3986 1147 4031 sunt
1162 3980 1193 4031 ln
1206 3980 1286 4048 aquis
1305 3994 1333 4029 re

258 4048 348 4116 ptilia,
367 4049 442 4117 quod
459 4052 496 4101 ita
508 4053 636 4104 nimirum
675 4051 936 4122 rogrediantur,nec
954 4057 1045 4102 tamen
1070 4048 1121 4101 sub
1139 4067 1282 4102 numerum
1303 4067 1333 4101 ca

259 4117 343 4185 dunt,
368 4135 404 4173 ne
432 4120 537 4176 scilicet
564 4122 696 4194 paulatim
720 4121 862 4190 absumpta
887 4117 1042 4173 delicerent.
1064 4137 1127 4174 nam
1155 4121 1209 4174 nisi
1230 4137 1333 4175 numen

352 4206 362 4236 1
