2722 4800
290 200 347 312 96
633 222 849 288 menimis
880 222 1042 287 orrens

289 373 392 441 τοίνυν
412 369 429 440 ὁ
449 363 523 458 όφις
542 370 578 436 τό
599 374 737 456 πήγανον
758 373 918 453 ἐντεῦθεν,
938 373 1023 436 καθά
1046 370 1145 458 (λη’που
1163 374 1218 437 καί
1236 371 1291 437 τόν

291 476 382 556 μόνα
404 472 457 535 διὰ
473 469 529 557 τὴν
549 470 728 554 ὑπερβολὴν
752 475 808 553 τῆς
829 469 1042 556 ψυχρότητος.

378 565 472 636 Οότω
499 573 557 651 μὲν
588 565 645 636 οάν
672 569 712 635 τά
735 573 800 650 ζῶα
821 568 924 635 πάντα
949 563 1176 656 φυσικάςοῖδε
1198 567 1293 635 τότε

289 668 398 756 τὴριον
416 670 451 734 τό
473 692 507 733 τε
536 668 694 755 ἀλέθριον.
753 667 787 735 αἱ
825 671 860 733 ἀὲ
879 677 956 752 παρ’
983 669 1090 744 αὐτοῖς
1111 670 1295 754 προγνώσεις

262 780 283 831 c
292 773 366 851 περί
383 767 440 833 τόν
473 770 552 854 ἀέρα
574 771 751 851 μεταβολῆς
777 774 870 833 ποίαν
897 766 974 851 ου’χί
1001 766 1126 834 σόνεσιν
1152 755 1280 851 λογικὴν

291 867 504 955 κρόπτουσιν,·
539 863 619 931 ὅπου
647 893 682 951 γε
703 866 737 932 τό
768 871 827 951 μὲν
856 867 1014 951 πρόβατον
1043 870 1199 952 χειμῶνος
1219 873 1295 951 προϊ

290 968 417 1052 λάβρως
445 969 673 1050 ἐπεμβάλλεται
704 968 741 1056 τῇ
765 968 867 1055 τροφῇ
894 963 1001 1052 οἵσπερ
1031 963 1278 1047 ἐπισιτιζόμενοι

290 1066 349 1154 τὴν
369 1064 715 1150 μέλλουσαν-ἔνδειαν.
756 1059 819 1150 ,ἤδη
842 1069 876 1129 δέ
897 1090 947 1141 τις
967 1069 1030 1131 τῶν
1051 1065 1231 1151 φιλοπόνων
1249 1091 1295 1130 και

290 1177 443 1252 χερσαῖον
464 1169 567 1248 ἐχῖνον
582 1166 715 1249 ἐτήρησε
736 1166 847 1246 διπλᾶς
872 1159 1029 1240 ἀναπνοὰς
1047 1169 1083 1251 τῇ
1102 1158 1220 1228 ἑαυτοῦ
1239 1189 1295 1228 κατ

291 1292 341 1333 σει
370 1263 650 1351 μηχανησάμενον,
677 1266 731 1329 καί
755 1266 924 1346 μέλλοντος
959 1266 1072 1348 βορίου
1094 1271 1183 1329 πνεῖν
1206 1256 1294 1349 ἀποφ

290 1391 388 1434 σοντα
418 1365 477 1448 τὴν
507 1363 661 1449 ἀρκτῴαν,
691 1361 782 1427 νότου
811 1365 847 1429 di
867 1358 961 1428 πάλιν
986 1361 1236 1445 μεταβάλλοντος
1255 1363 1295 1439 είς

290 1463 500 1553 προσάρκτιον
521 1466 758 1543 μεταβαίνοντα.
993 1498 1000 1530 ι

372 1560 467 1628 Ἀλλά
492 1564 546 1624 καί
565 1559 621 1642 την
639 1564 700 1624 τῶν
724 1562 938 1645 αἰσθητηρίων
959 1559 1143 1645 περιουσίαν
1162 1560 1295 1645 μεγάλην

294 1659 336 1747 ρά
357 1671 423 1736 τοῖς
459 1659 552 1738 ζοόοις
583 1658 646 1723 idos
666 1682 714 1734 τις
744 1653 795 1724 άν.
850 1661 882 1724 εἰ
911 1659 954 1744 μὴ
979 1659 1156 1742 γάρτοῦτο
1181 1654 1240 1746 ἦν,
1261 1659 1295 1722 οι]

259 1757 420 1846 Βάρνειός
441 1763 474 1825 ἐν
493 1762 622 1843 μυριόις
640 1755 809 1843 προβάτοις
834 1761 897 1823 τοόν
920 1763 1023 1843 σηκῶν
1043 1758 1247 1841 ἐξαλλόμενος
1267 1785 1295 1841 τι

290 1856 408 1945 χροιάν
436 1858 493 1922 καί
521 1855 631 1943 φωνην
660 1857 716 1940 την
737 1861 790 1940 τῆς
805 1852 923 1942 μητρός
945 1859 1063 1940 ἐπέγνω
1083 1856 1138 1922 καί
1158 1858 1239 1950 πρός
1259 1860 1295 1923 ἐκ

291 1961 443 2045 ἠπείγετο,
470 1959 525 2021 καί
541 1959 640 2020 ταῦτα
663 1953 762 2019 πολλά
781 1955 999 2040 παραδραμών
1021 1951 1144 2020 οὔθατα
1163 1957 1295 2041 βαρυνόρ

293 2059 360 2124 ἔστι
380 2060 436 2121 καί
452 2054 512 2141 γάρ
535 2058 610 2136 παρ’
634 2054 744 2132 αάτοῖς
770 2053 919 2141 αἴσθησις
945 2056 998 2141 τῆς
1019 2051 1182 2139 ἡμετέρας·
1199 2061 1295 2121 καταλ

293 2182 337 2234 οος
358 2155 510 2241 ἀξυτέρα,
530 2159 604 2218 καθ’
626 2151 666 2238 ἣν
685 2150 804 2242 ἑκάστῳ
829 2152 960 2238 πάρεστι
982 2159 1039 2220 τοῦ
1062 2157 1176 2220 οἰκείου
1198 2152 1295 2238 διάγνι

293 2251 385 2322 udum
421 2253 452 2320 οἱ
482 2253 608 2328 όόόντες
637 2254 680 2338 τῷ
710 2252 860 2333 σκύλακι,
890 2253 946 2317 καί
958 2248 1050 2335 ,ὅμως
1070 2254 1123 2319 διὰ
1147 2257 1207 2319 τοῦ
1228 2254 1295 2336 στόρ

292 2352 450 2439 ἀμύνεται
481 2351 537 2416 τὸν
558 2347 752 2434 λυπησαντα.
802 2344 891 2416 οόπαν
912 2350 952 2417 τά
975 2356 1093 2438 κέρατα
1113 2357 1156 2443 τῷ
1175 2351 1284 2442 μόσχῳ

368 2523 406 2576 16.
423 2514 474 2590 τὴν
490 2521 610 2596 μητέρος
629 2518 659 2573 Ρ.

294 2683 472 2750 tinguuntur.
497 2676 549 2729 hac
575 2677 610 2730 de
630 2691 711 2728 causa
730 2691 841 2745 serpens
859 2678 898 2728 sic
919 2685 1006 2730 rutam
1025 2677 1093 2746 sugit
1111 2694 1142 2731 ae
1160 2678 1243 2743 vitot,
1261 2679 1295 2731 rie

294 2753 428 2814 hiemem,
446 2759 558 2818 propter
574 2749 685 2800 nimium
705 2748 811 2799 scilicet
828 2749 921 2816 frigus.

365 2824 408 2875 Sic
428 2822 510 2888 igitur
526 2819 654 2871 animalia
674 2826 770 2868 cuneta
788 2819 854 2886 quid
873 2819 991 2870 salutare
1010 2819 1045 2871 sit
1066 2819 1148 2887 ipsis,
1167 2818 1236 2889 quid
1254 2821 1296 2872 exi

295 2895 430 2961 cognitum
449 2890 560 2941 habent
580 2892 633 2940 iam
648 2905 718 2957 quae
738 2897 801 2938 sunt
820 2889 892 2957 opud
912 2906 943 2940 ea
962 2907 1050 2940 rernm
1068 2891 1218 2947 suturarum
1237 2908 1295 2960 pror

295 2963 370 3014 verbi
391 2963 489 3030 gratia,
510 2961 543 3012 do
562 2962 630 3011 airis
649 2959 813 3010 mutatione:
832 2961 924 3031 (quam
944 2960 1055 3011 obsecro
1075 2961 1246 3028 prudentiam
1266 2979 1294 3012 ro

295 3035 350 3085 lem
368 3048 477 3101 quoqne
495 3048 550 3082 non
567 3030 730 3082 obscurant?
750 3029 805 3080 ovis
830 3030 994 3081 adventante
1013 3029 1101 3081 hieme
1115 3048 1194 3099 parce
1215 3034 1295 3084 ποιεῖν

295 3105 432 3164 vescitur,
452 3103 528 3170 quasi
551 3100 685 3169 quandam
704 3099 754 3151 sibi
776 3110 938 3162 commeatus
954 3102 1060 3169 copiam
1080 3120 1129 3171 pro
1147 3110 1273 3165 secutura
1292 3106 1295 3154 i

297 3171 473 3242 comparans.)
492 3171 640 3240 quinetiam
660 3170 783 3221 homines
801 3170 928 3224 industrii
938 3180 1093 3232 ¹torreutrem
1108 3173 1234 3223 echinum
1252 3175 1295 3224 siv¹

296 3261 410 3296 nuceum
427 3243 619 3310 respirationes
640 3241 691 3292 sibi
712 3241 830 3310 geminas
850 3243 1002 3311 excogitare
1023 3244 1078 3294 suis
1098 3244 1237 3294 inlustris
1257 3244 1293 3295 ob

298 3323 368 3369 nunt.
395 3310 469 3397 quod
497 3313 520 3383 si
542 3313 691 3379 spiraturus
720 3319 762 3362 est
786 3312 896 3381 aquilo,
921 3323 1025 3382 partem
1050 3332 1065 3364 a
1087 3313 1233 3385 uilonolem
1253 3315 1295 3366 obi

203 3397 206 3403 ·
298 3385 372 3456 quod
390 3402 413 3435 ει
429 3391 510 3434 vento
530 3390 635 3434 mutato
663 3382 711 3433 ssat
730 3390 840 3447 auster,
862 3382 896 3435 ad
916 3385 1037 3436 foramen
1055 3330 1197 3438 diuersum
1216 3387 1295 3455 aquii

298 3457 410 3510 confert.
750 3484 754 3494 ·

368 3527 455 3578 Etiam
474 3522 611 3575 sentiendi
632 3539 792 3590 organorum
818 3523 847 3574 in
866 3523 1025 3574 animalibus
1043 3526 1231 3577 excellentium
1251 3544 1295 3596 qur

297 3612 408 3650 cornere
433 3596 516 3646 licet:
549 3593 650 3662 absque
669 3609 723 3661 qno
742 3593 826 3659 soret,
856 3610 939 3661 agnus
958 3596 1028 3646 inter
1044 3613 1107 3648 oves
1129 3599 1282 3649 innumeros

296 3671 415 3720 inclusas
442 3665 586 3726 exsiliens,
616 3664 734 3715 colorem
765 3681 913 3733 vocemque
940 3667 1032 3716 matris
1057 3666 1130 3719 haud
1148 3685 1292 3736 agnoscere

297 3739 334 3790 ad
352 3757 411 3790 earn
431 3754 460 3789 se
481 3735 603 3787 studiose
624 3735 768 3797 conferret,
781 3737 939 3803 praesertim
959 3753 1018 3785 cum
1032 3738 1120 3789 'ubera
1138 3741 1295 3791 multandi

298 3818 374 3862 tenta
397 3816 556 3876 granataquo
574 3813 736 3874 praetereat„
755 3806 880 3858 nimirum
902 3807 990 3856 estin
1014 3807 1053 3858 eis
1066 3826 1164 3871 sensus
1184 3810 1287 3872 acrior,

299 3895 349 3931 nos
368 3880 562 3930 existimemus:
581 3893 636 3946 quo
654 3877 712 3946 ipso
731 3876 871 3947 quaelibet
888 3875 921 3926 ab
941 3876 1036 3928 alienis
1054 3895 1102 3930 surr
1121 3879 1291 3948 dignoscunt.

301 3949 365 4001 dum
384 3949 490 3999 catulus
516 3948 611 3999 denies
634 3947 732 4010 habet,
755 3965 787 3999 nc
812 3947 989 3998 nihilominus
1014 3965 1042 3998 se
1070 3951 1224 4002 laedentem
1242 3969 1288 4003 ure

300 4021 350 4072 sim
368 4019 514 4069 ulciscitur.
533 4018 648 4070 necdum
667 4035 766 4070 cornua
785 4018 885 4072 vitulus
914 4015 1015 4081 haber,
1033 4036 1063 4068 oc
1081 4021 1257 4074 nihilominus
1278 4040 1295 4092 q

302 4109 333 4143 co
351 4089 403 4160 ipri
423 4104 496 4140 arma
513 4089 568 4141 rint
585 4086 726 4158 proditura
749 4088 832 4142 novit.
851 4086 1025 4156 quamobrem
1043 4094 1182 4163 praeclare
1202 4094 1295 4161 dixiil
