2700 4792
240 243 316 327 192
570 239 786 306 missenus
813 235 975 302 arrosus

236 410 443 493 δημιουργίαν
462 408 597 487 κακίζων
616 404 734 490 ἔλεγεν,
762 403 842 470 ἀλλά
863 403 919 488 τὴν
938 405 971 481 ἐξ
995 402 1112 479 οίκείας
1130 406 1288 488 προαιρέσν.
1340 422 1342 448 ι

236 534 280 585 ως
299 508 588 593 ἐπιγενομένηντῷ
611 511 754 586 κτίσματι
775 490 877 569 αὐτοῦ
894 505 1016 568 κακίαν.
1072 502 1094 586 ἦ
1114 501 1176 587 γάρ
1196 506 1242 587 τῆς
1256 501 1290 565 α’·

236 610 323 681 κειάς
350 607 474 689 γνώμης
500 601 649 691 ρἀθυμία
682 598 840 689 ἀγρηστον
861 602 949 689 αὐτῷ
968 598 1027 684 τὴν
1047 605 1105 667 τοῦ
1127 602 1291 686 δημιουργοῦ

234 701 413 787 εοέργεσίαν
447 705 593 788 ἐποίησε,
618 698 724 784 ἀσπερ
762 695 821 767 οάν
856 700 910 766 καί
927 703 978 785 ἐφ’
998 700 1089 784 ἡμῶν
1109 700 1211 766 adesis
1228 698 1292 764 ἔστιν

234 806 325 868 ἰδεῖν.
380 804 435 866 καί
453 800 602 888 πρόσχες,
634 805 664 867 εἰ
691 798 818 881 βούλει,
839 807 904 876 τοῖς
924 800 1114 883 λεγομένοις,
1159 794 1312 884 εάεργπδδ

139 913 165 967 P.
180 927 289 966 ιοισαι
319 904 421 967 θέλων
454 901 473 963 o‘
496 900 647 981 βασιλεὺς
678 904 739 963 τῶν
767 898 829 963 ὑπὸ
852 895 945 982 χεῖρά
967 922 1036 963 τινα
1062 900 1207 982 μεγίστην
1227 895 1293 981 αὐτῷ

234 1003 400 1084 ἐγχειρίζει
425 996 538 1084 ἀρχήν.
581 995 641 1061 καί
655 997 691 1072 ὃς
712 998 827 1062 αὐτίκα
850 994 931 1081 πράς
957 995 994 1060 τό
1021 992 1113 1079 ἀψος
1127 994 1240 1060 ἀπιδών
1254 995 1295 1076 τῆς

234 1095 352 1183 ἀρχῆς,
383 1102 439 1189 καί
462 1095 506 1181 μὴ
537 1094 709 1178 δυνάμενος
730 1099 885 1179 ἐνεγκεῖν,
908 1097 1073 1179 ἐπαίρεται
1095 1099 1167 1159 καθ’
1188 1091 1293 1170 ἑαυτόν,

235 1199 340 1285 ἡσυχῇ
360 1200 525 1281 καθῆσθαι
558 1195 614 1259 οάκ
632 1197 791 1277 ἀνέχεται,
823 1192 1017 1280 φαντάζεται
1040 1191 1080 1258 sd
1099 1193 1178 1278 ὑπὲρ
1200 1190 1292 1266 aisti,

233 1299 397 1381 τυραννίδι
416 1297 563 1379 κέχρηται
584 1294 639 1358 καί
658 1297 704 1367 εἰς
725 1286 919 1358 ἀποστασίαν
938 1299 1045 1375 χωρεῖ.
1067 1295 1101 1356 τί
1119 1291 1155 1357 si
1177 1293 1226 1357 ε’πί
1241 1289 1325 1356 τοί-ιι

233 1420 317 1474 τοις,·
338 1389 506 1477 ἀχθεταιὸ
533 1392 684 1474 βασιλεὺς
705 1386 742 1455 od
760 1396 881 1476 priapeia
902 1393 957 1456 ἐπί
974 1394 1019 1477 τῷ
1038 1392 1218 1475 πράγματι,
1237 1394 1293 1454 δοσ-
1341 1455 1342 1458 ,

236 1494 387 1578 χεραίνετ,
435 1495 470 1557 τί
487 1496 599 1570 τοῦτος
629 1495 728 1573 λέγει·
769 1495 835 1566 πῶς
867 1487 1078 1574 ὃάγάριστος
1097 1489 1153 1573 τὴν
1171 1487 1293 1556 insilui·
1339 1481 1342 1506 ³

236 1616 296 1656 σαν
315 1592 401 1679 αὐτῷ
434 1588 528 1667 δόξαν
555 1592 600 1664 εἰς
636 1584 762 1668 ἀδοξίαν
783 1593 992 1673 perdomassem
1014 1589 1068 1653 καί
1089 1593 1177 1654 θέλει
1195 1583 1292 1671 pisus}

235 1696 379 1755 καθελεῖν
398 1689 449 1754 τὸν
472 1687 658 1772 ἀγνώμονα,
682 1693 917 1775 καταφρονῆσαι
938 1692 973 1754 δὲ
995 1685 1082 1771 ὅμως
1101 1694 1158 1775 τῆς
1175 1686 1292 1774 τυραννί-

236 1792 291 1865 δος
310 1791 349 1852 ου’
372 1791 513 1854 δύναται.
551 1793 718 1873 χειροῦται
737 1787 790 1852 τὸν
809 1785 986 1871 ἀποστάτην
1006 1788 1131 1871 λοιπόν,
1155 1790 1209 1873 τῆς
1227 1783 1331 1865 (iliberi

235 1889 417 1971 ἀπογυμνοῖ
423 1892 478 1953 καί
498 1890 655 1972 δριμείαις
673 1883 841 1970 ὖποβάλλει
861 1897 999 1969 ποιναῖς,
1020 1889 1120 1952 ἐνίοτε
1138 1890 1172 1952 δὲ
1193 1893 1241 1953 καί
1253 1887 1290 1964 τῆς
1330 1879 1331 1882 ¹

207 1984 398 2072 λιπαρούσης
426 1985 575 2070 ὑπεξάγει
606 1989 696 2071 ζωῆς.
743 1989 897 2073 συνέφερε
931 1984 1037 2051 λοιπὸν
1059 1989 1149 2075 αὐτῷ
1165 1986 1207 2070 μὴ
1225 1989 1289 2063 δέξο·
1330 2022 1331 2025 ¹

235 2093 315 2152 σθαι
333 2085 419 2170 παρὰ
448 2090 603 2167 βασιλέως
629 2083 750 2169 ἀρχήν,
780 2084 866 2170 εἴπερ
898 2079 1047 2160 ἀπονοίας
1068 2085 1168 2150 αὐτοῦ
1187 2087 1288 2151 τοιοῦτο
1330 2157 1331 2160 ¹

235 2191 352 2251 παθεῖν
378 2184 585 2250 ἐκινδύνευσε.
629 2185 766 2269 πρόσεχε
790 2176 861 2265 οάν,
884 2183 1040 2269 ἀγαπητέ,
1063 2183 1119 2248 καί
1136 2186 1180 2270 μὴ
1201 2203 1287 2262 sarse-
1329 2192 1331 2239 J

235 2285 339 2363 πάζου
360 2291 425 2359 τοῖς
445 2281 642 2368 ἐπιχειροῦσι
661 2279 718 2358 τάς
738 2280 827 2359 θείοις
850 2284 1027 2365 οἰκονομίας
1039 2284 1314 2371 πολυπραγμοιιῐοοο

237 2621 309 2673 enim
327 2618 452 2672 dominus
472 2618 545 2671 dicat
561 2618 670 2691 (Matth.
690 2621 726 2672 26
744 2621 789 2691 ad)
806 2620 981 2692 „praestabat
1000 2621 1042 2674 illi
1062 2622 1167 2676 homini
1185 2640 1234 2675 non
1248 2626 1287 2669 etti

236 2693 363 2754 natom‚''
382 2709 437 2742 non
453 2699 543 2741 tamen
559 2690 612 2742 hoc
630 2694 668 2744 ita
688 2692 808 2761 profert,
833 2695 910 2762 quasi
930 2695 1069 2762 proprium
1091 2696 1224 2764 opificium
1238 2691 1287 2741 sitt-

235 2773 329 2832 peret,
346 2762 395 2813 sed
413 2762 534 2813 indicare
551 2762 611 2815 vult
629 2779 688 2814 eam
705 2764 893 2825 vitiositatem,
911 2781 981 2833 quae
999 2765 1109 2833 opificio
1129 2766 1218 2817 divino
1234 2759 1287 2813 teir
1326 2790 1327 2796 =

236 2851 299 2903 ceps
319 2835 461 2903 ipsiusmet
484 2832 625 2884 voluntate
651 2834 771 2884 accessit.
799 2834 901 2902 quippe
928 2836 956 2884 in
986 2833 1037 2885 boc
1060 2834 1171 2888 homine
1194 2829 1287 2906 propri³⁶

235 2906 382 2956 voluntatis
411 2904 534 2973 nequitia
566 2905 667 2955 iecerat
694 2911 725 2954 ut
743 2903 768 2954 ei
794 2902 956 2955 beneficium
974 2906 1080 2974 opificis
1098 2924 1154 2957 non
1171 2903 1287 2977 prodesset

236 2974 302 3025 licet
319 2974 348 3024 id
380 2976 462 3025 etiam
491 2975 521 3024 in
546 2975 645 3026 nostris
674 2972 754 3025 rebus
781 2975 953 3043 conspicere,
979 2992 1009 3026 ac
1028 2977 1163 3045 siquidem
1194 2972 1287 3028 rubebit,

224 3046 356 3095 animum
374 3044 506 3113 exemplo,
527 3044 601 3113 quod
621 3044 816 3106 indicabimus,
834 3045 975 3097 advertito.
987 3046 1030 3096 fac
1047 3063 1106 3098 esso
1125 3065 1212 3116 regem
1228 3054 1288 3115 quet·

237 3115 315 3176 dam,
333 3115 382 3183 qui
402 3115 522 3183 aliquem
542 3131 557 3165 e
575 3115 693 3166 subditis
721 3114 902 3167 beneficentia
920 3117 1048 3184 singulari
1074 3118 1244 3170 cohonestare
1256 3123 1288 3162 ti·

235 3185 296 3235 lens
314 3185 498 3252 magistratum
519 3187 545 3234 ei
563 3186 708 3237 maximum
729 3184 828 3239 tradat.
846 3186 894 3237 ille
915 3197 977 3238 mox
995 3187 1030 3238 ad
1048 3191 1231 3256 praefecturae
1245 3191 1288 3236 ιοιθ

237 3254 433 3306 sublimitatem
452 3254 636 3324 respiciendo,
666 3273 725 3307 cum
743 3257 801 3307 eius
821 3258 920 3310 molem
939 3259 1073 3309 sustinere
1092 3269 1224 3329 nequeat,
1239 3245 1288 3324 apud
1325 3282 1327 3286 ⁴

237 3327 411 3394 semetipsum
429 3326 518 3376 animo
544 3327 650 3390 efferri,
671 3328 764 3395 quiete
788 3328 877 3379 vivere
903 3345 959 3379 non
982 3345 1079 3396 posse,
1106 3333 1207 3382 maiora
1223 3337 1288 3380 sect*

236 3399 368 3465 gitations
394 3397 553 3464 concipere,
576 3398 746 3463 tyrannidem
766 3415 909 3468 usurpare,
935 3399 970 3450 ad
986 3399 1168 3452 defectionem
1187 3390 1287 3471 progredi

236 3467 304 3537 quid
327 3467 475 3519 seeundum
492 3466 576 3518 haee?
590 3485 647 3519 rex
662 3468 813 3534 indignari,
840 3485 894 3520 rem
914 3487 969 3520 non
987 3487 1081 3538 parum
1101 3473 1214 3524 moleste
1228 3471 1287 3521 ferrei

214 3545 218 3552 '
236 3556 326 3590 secum
346 3539 404 3608 ipse
423 3538 527 3589 dicere:
543 3537 610 3607 quid
632 3538 702 3590 hoc?
721 3540 795 3589 itane
816 3539 897 3591 homo
914 3543 1033 3607 ingratus
1051 3541 1184 3608 gloriam,
1202 3546 1287 3611 quau³
1325 3579 1327 3585 .

234 3611 315 3661 nobis
334 3619 376 3661 est
394 3617 570 3672 consecutus,
600 3625 659 3660 cum
676 3609 787 3660 infamia
805 3611 998 3663 commutavit?
1029 3612 1110 3664 simui
1128 3631 1161 3665 eo
1178 3609 1287 3684 praeditat
1325 3674 1326 3677 Ἴ

235 3690 277 3732 est
297 3682 386 3731 animo
405 3688 435 3732 ut
453 3680 634 3730 immemorem
646 3679 773 3731 beneficii
790 3681 903 3749 perdere
921 3683 1009 3744 nolit3
1025 3699 1116 3752 neque
1134 3694 1220 3736 tamen
1234 3689 1287 3730 usur·

234 3753 371 3820 pationem
391 3750 540 3818 tyrannidis
559 3752 670 3802 omuino
690 3751 828 3818 negligere
853 3751 946 3820 possit,
968 3764 1135 3823 quapropter
1155 3756 1286 3824 deserum
1323 3798 1324 3802 ,

235 3838 309 3873 suam
326 3824 355 3873 in
374 3831 535 3891 potestatem
555 3821 670 3890 redigit,
691 3821 822 3889 dignitate
839 3822 954 3891 spoliat,
972 3824 1067 3892 poeuis
1088 3827 1209 3894 gravibus
1225 3815 1285 3873 subl·

235 3892 289 3953 cit,
310 3910 504 3963 nonnunquam
520 3900 548 3944 et
565 3893 647 3944 vitam
665 3893 690 3942 ei
710 3892 815 3944 adimit.
840 3892 972 3944 eiusmodi
994 3893 1098 3947 bomini
1117 3897 1285 3967 expediatur

235 3963 374 4029 gistratum
394 3967 484 4032 potius
503 3980 519 4014 a
540 3980 601 4032 rege
621 3981 676 4015 non
695 3965 846 4032 accepisse,
868 3980 948 4032 quam
963 3965 1068 4016 insania
1088 3970 1195 4036 propria
1210 3958 1284 4015 olibe
1325 3966 1326 3971 ’

235 4048 264 4083 ιε
282 4033 360 4083 malis
384 4042 412 4084 et
438 4035 567 4102 periculis
594 4051 738 4102 exponere.
763 4035 804 4084 fac
822 4034 905 4101 igitur
931 4036 1099 4088 considerate
1118 4055 1195 4106 agas.
1212 4031 1284 4086 ιΙλΙεσω
1326 4045 1327 4049 ’

234 4101 289 4167 iili,
306 4118 356 4155 nec
374 4102 461 4174 abripi
488 4113 516 4156 ts
536 4121 597 4156 cum
617 4105 675 4163 ,iltis
695 4113 790 4177 patere
810 4105 858 4176 qui
882 4105 996 4159 consilia
1018 4107 1108 4161 divina
1133 4110 1229 4162 curiose
1242 4108 1286 4170 pti·
