2722 4800
249 210 325 293 152
580 233 794 298 siraninus
824 185 986 295 emese

242 387 298 452 τόν
326 383 457 470 ποιητῆν
484 387 523 471 τῆ
550 388 613 448 τῶν
642 383 781 465 α’γγέλων
803 382 971 469 ε’πιστασίη
995 379 1037 444 ’τό
1066 381 1129 444 τῶν
1149 377 1321 462 dedorim

242 488 426 572 φρουρῆσαι
447 486 551 566 γένος,
571 478 657 557 όποις
675 480 720 565 μῆ
743 483 799 567 βίη
820 477 875 543 καί
897 480 1058 564 coaevulis
1077 477 1252 563 χριόμενος,
1273 471 1321 542 υἷι

241 582 344 669 ρότοος
367 579 486 664 ,έπιῶν,
516 579 571 659 odo
592 580 646 646 διό
669 577 790 668 φθόνον
811 577 977 663 ἐμίσησεν,
998 571 1098 653 ἀδεῶς
1122 579 1321 663 διαφθείρῃ.

242 681 291 749 ότι
316 685 473 747 δὲταῦτα
494 676 592 755 οὕτως
612 678 702 763 ἔχει,
727 679 783 744 καί
802 673 853 743 ότι
873 681 933 742 τῶν
956 679 1075 742 πιστῶν
1107 678 1237 751 ἕκαστος
1269 668 1321 761 εἴη

240 789 331 865 γελον
364 779 492 868 φύλακα
524 781 689 864 κέκτηται,
725 779 780 843 καί
806 779 851 864 rei
876 774 956 842 nasei
985 779 1161 842 Ματθαῖον
1197 775 1321 861 ευάγγε

241 882 297 967 λίην
329 885 516 963 διείληπται.
572 879 656 962 λέγει
680 878 741 961 γάρ
765 874 881 960 »ὁρᾶτο
907 872 952 959 μῆ
967 872 1234 959 «καταφρονήσητε
1258 869 1321 949 iao]

241 983 303 1044 τῶν
323 981 443 1063 μικρῶν
469 974 607 1044 τούτων·
658 972 688 1040 οἱ
705 973 768 1059 γόρ
790 970 916 1059 ἄγγελοι
936 972 1043 1040 οὔτῶν
1063 976 1213 1055 διηνεκῶς
1232 968 1321 1056 ὁρῶσι

161 1091 186 1140 Ρ.
200 1079 277 1144 toto*
312 1078 479 1162 πρόσωπον
512 1079 570 1142 τοῦ
597 1073 717 1160 πατρός
745 1099 809 1158 μου
834 1075 891 1139 τοῦ
910 1073 944 1139 έν
968 1075 1140 1158 οόρανοῖς.”
1182 1070 1238 1137 καί
1254 1074 1321 1155 περί

241 1179 299 1259 μέν
320 1173 442 1243 τούτων
461 1171 571 1252 οὕτως.

316 1270 384 1342 Ἔτι
413 1279 449 1341 δέ
477 1275 533 1340 καί
560 1279 653 1340 τοῦτο
674 1274 760 1357 παρά
782 1279 868 1338 ’τισιν
895 1268 1071 1357 ἠπόρηται,
1103 1267 1164 1336 εἴτε
1196 1268 1320 1354 πρὸτῆς

241 1377 432 1459 παραγωγῆς
454 1378 513 1440 tori
532 1375 672 1459 ου’ρανοό
693 1373 748 1438 καί
763 1375 821 1457 τῆς
830 1376 888 1456 γῆς
909 1369 972 1436 εἴτε
992 1371 1073 1453 μετὰ
1095 1368 1153 1454 τῆν
1177 1373 1318 1453 δημιουρ-

241 1475 313 1557 γίαν
334 1476 441 1537 ου’τῶν
466 1471 500 1539 αἱ
521 1471 630 1558 νοιραί
651 1471 800 1553 δυνάμεις
819 1471 1044 1558 παρῆχθησαν.
1070 1467 1086 1534 ὅ
1106 1473 1165 1551 μέν
1182 1463 1320 1532 ου’νΘεο·

242 1569 396 1656 όῶρητος,
417 1576 471 1636 ναί
485 1570 549 1656 μῆν
569 1569 625 1636 καί
644 1570 662 1634 ό
682 1573 714 1635 Γ
711 1568 850 1646 εννόόιος
870 1567 930 1654 πρό
953 1573 1015 1634 τῶν
1036 1563 1318 1655 οἷορότωνφόοειοι

242 1673 498 1753 διισχυρίζονται
519 1669 577 1735 τόν
597 1666 712 1754 ὁρατόν
731 1674 856 1735 τουτονί
868 1668 984 1751 κόσμον
1004 1670 1226 1751 παραχθῆναι·
1243 1666 1317 1729 ἐπει-

243 1769 283 1850 όῆ
304 1766 362 1852 γὰρ
393 1769 607 1853 περίγραπτοί
622 1770 703 1834 εἰσιν
732 1766 762 1832 οἱ
792 1761 917 1852 όγγελοι
930 1818 939 1848 ,
969 1764 1085 1854 ἔπρεπε
1123 1763 1244 1839 πόντος
1269 1757 1317 1823 καί

243 1868 340 1933 τόπον
362 1862 449 1932 εἶναί
463 1892 555 1950 τινα,
589 1865 632 1944 ῶς
661 1869 807 1933 ἐντεῦθεν
838 1866 956 1942 αότοός
977 1869 1012 1931 έν
1032 1868 1118 1953 oderi
1138 1857 1315 1949 περιγρόφε·

243 1972 334 2032 σθαι.
379 1961 448 2031 ἄλλ’
471 1967 614 2043 όλοιπός
636 1969 699 2034 τῶν
720 1971 867 2051 πατέρων
889 1964 1058 2049 κατάλογος
1080 1967 1232 2047 ου’μινοῦν
1249 1949 1313 2023 adsi

150 2090 153 2098 ‘
219 2065 495 2148 Βκαταδεχόμενος
515 2072 674 2155 φαίνεται.
715 2067 771 2131 καί
801 2070 970 2149 τηνικαῦτα
992 2067 1049 2129 τοῦ
1067 2061 1209 2148 μεγάλου
1227 2066 1312 2126 Bart-

243 2171 330 2231 λείου
355 2168 388 2230 έν
410 2168 448 2253 τῆ
465 2161 627 2254 ἑξαημέριρ
650 2168 753 2230 edred
774 2169 917 2248 λέγοντος
937 2157 1033 2229 ἄκουε
1052 2156 1112 2249 ,,η’ν
1128 2187 1177 2239 τις
1195 2159 1311 2244 πρεσβυ-

245 2267 322 2347 τέρα
340 2265 397 2347 εῆς
420 2268 478 2327 τοῦ
507 2266 628 2345 κόσμου
658 2265 808 2347 γενέσεως
827 2260 1034 2344 κατάστασις,
1054 2271 1124 2338 ταῖς
1144 2245 1321 2344 όπιρκοομόῒ

246 2387 294 2436 οις
317 2361 472 2442 δυνάμεσι
497 2365 672 2446 πρέπουσα.
728 2363 991 2446 δημιουργήματα
1014 2365 1049 2427 di
1067 2363 1102 2427 έν
1124 2355 1241 2451 αότῆό
1263 2352 1311 2417 1⁰3⁹

247 2457 329 2526 όλων
350 2454 542 2548 δημιουργός
560 2460 728 2528 ἀπετέλεσε
748 2462 816 2546 φῶς
842 2458 962 2545 νοητόν,
986 2457 1103 2548 πρέπον
1122 2465 1164 2548 τῆ
1180 2443 1311 2543 μαισρίό·

249 2780 329 2817 cause
351 2780 440 2815 rerum
453 2765 577 2834 opificem
596 2780 644 2833 per
662 2765 818 2834 angelorum
836 2765 1034 2834 inspectionem
1051 2773 1134 2835 atque
1154 2763 1261 2817 tutelam
1278 2767 1311 2822 st·

248 2853 299 2887 nus
317 2837 463 2886 humanum
482 2835 632 2893 custodire.
649 2851 684 2886 ns
701 2853 751 2906 per
767 2836 821 2886 vim
841 2852 872 2886 ac
894 2835 1065 2903 tyrannidem
1082 2828 1311 2904 inadspscutititer

251 2923 297 2957 eos
316 2923 468 2973 aggressus,
486 2923 554 2975 quos
572 2904 633 2958 odit
651 2923 684 2957 cx
702 2905 819 2970 invidia,
838 2908 905 2957 citra
918 2908 1075 2975 cuiusquam
1094 2916 1196 2958 metum
1214 2922 1242 2956 ac
1258 2897 1311 2951 lite·

251 2993 279 3026 re
299 2976 420 3045 perdat.”
444 2993 514 3045 quae
534 2974 645 3045 quidem
664 2977 702 3027 ita
723 2993 794 3039 esse,
824 2994 855 3027 ac
873 2975 967 3028 fideles
988 2979 1107 3046 singulos
1126 2977 1225 3028 habere
1242 2976 1310 3026 tullst

250 3046 312 3097 dem
333 3046 470 3114 angelum,
493 3047 575 3097 etiam
595 3047 625 3098 in
650 3047 789 3115 evangelio
808 3047 941 3099 Matthaei
962 3049 1007 3119 (18
1030 3054 1070 3118 ιο)
1086 3047 1175 3100 verbis
1193 3046 1233 3099 his
1249 3053 1311 3113 expo:

248 3118 324 3168 nitur
350 3115 459 3182 „videte
477 3117 571 3168 nevel
588 3134 671 3169 unum
694 3134 727 3168 ex
744 3118 833 3187 parvis
852 3117 924 3172 hisce
950 3120 1145 3171 contemnatis:
1165 3136 1226 3171 nam
1244 3103 1310 3179 ποτε11

251 3204 344 3238 eorum
364 3202 418 3237 sem
441 3203 469 3237 cr
496 3187 593 3238 faciem
634 3187 698 3241 atris
716 3189 789 3251 mei,
818 3189 866 3259 qui
885 3190 915 3241 in
934 3190 1018 3242 coelis
1037 3200 1091 3254 est,
1110 3185 1311 3260 ιιιίερίοἰοοιἿς

250 3256 285 3309 de
303 3257 347 3308 his
367 3203 479 3327 quidem
492 3257 560 3309 haec
578 3205 699 3312 indicata
719 3268 807 3311 sunto.

320 3329 461 3380 Praeterea
481 3330 634 3398 quaesitum
654 3349 670 3381 a
687 3329 827 3383 nonnullis
845 3334 887 3380 est
904 3345 968 3380 num
989 3328 1041 3380 hae
1059 3337 1208 3398 potestates
1225 3319 1311 3379 intelle·

249 3399 312 3450 tiles
341 3408 405 3450 ante
424 3399 495 3450 coeli
514 3408 656 3471 terraeque
675 3402 840 3452 creationem
858 3399 985 3451 conditae
1008 3401 1124 3463 suerint,
1143 3419 1177 3452 an
1194 3401 1312 3470 postqum

248 3469 297 3521 illa
315 3470 368 3520 iam
386 3469 456 3522 facta
477 3481 561 3522 erant
581 3491 612 3524 nc
633 3471 818 3524 Theodoritus
837 3471 948 3541 quidem
968 3489 1028 3523 cum
1043 3471 1188 3524 Gennadio
1208 3464 1312 3522 mundtt11¹

248 3538 321 3592 hunc
339 3541 390 3591 sub
411 3541 503 3592 oculos
526 3541 666 3594 cadentem
685 3542 846 3612 productum
866 3559 924 3594 esse
940 3541 969 3592 in
988 3551 1077 3594 ortum
1094 3551 1159 3595 ante
1176 3552 1274 3595 naturas
1288 3527 1312 3580 ll

248 3609 287 3662 las
315 3610 542 3680 inadspectsbiles
557 3614 680 3671 adserit.
704 3631 765 3664 nam
800 3612 864 3682 quia
887 3612 967 3664 certis
986 3613 1181 3683 circumscripti
1206 3603 1313 3664 limitlbl¹

248 3690 312 3733 srrnt
329 3683 436 3749 angeli,
457 3683 637 3736 conveniebat
667 3685 776 3735 omniuo
796 3693 826 3735 ut
839 3684 915 3734 locus
935 3681 1035 3752 aliquis
1054 3685 1185 3736 existeret
1202 3699 1252 3753 quo
1268 3685 1315 3726 con·

247 3752 407 3804 linerentur.
425 3771 516 3804 verum
537 3755 587 3805 reli
609 3756 637 3804 ui
661 3752 827 3822 patreslsoc
849 3771 1020 3837 nequaquam
1041 3753 1186 3807 admittere
1206 3753 1315 3803 videntur·

249 3822 315 3890 quid
333 3841 444 3891 magnus
465 3825 513 3874 ille
532 3773 647 3877 Basilius
664 3825 693 3875 in
710 3822 779 3874 libro
798 3841 846 3876 suo
863 3824 896 3875 de
913 3842 1062 3894 primorum
1083 3843 1130 3876 sex
1150 3825 1250 3877 dierum
1267 3823 1318 3883 01‘0‘

248 3890 324 3943 ribus
342 3893 432 3955 dicut,
460 3895 534 3945 audi.
560 3905 639 3958 „crat
661 3896 800 3964 antiquior
825 3894 921 3946 mundi
938 3905 999 3947 ortu
1018 3894 1141 3948 condicio
1160 3894 1285 3968 quaedam
1301 3880 1321 3957 {l

249 3969 349 4024 status,
369 3964 585 4017 ultramundunis
604 3966 658 4018 illis
679 3965 861 4035 potestatibus
880 3968 1052 4021 conveniens.
1072 3967 1152 4018 ineo
1174 3984 1259 4019 rerum
1275 3963 1321 4020 01³¹ss

251 4032 295 4082 ses
314 4033 444 4100 quaedam
469 4037 607 4101 condidit,
636 4038 762 4088 nimirum
781 4038 868 4090 lucem
894 4037 970 4088 illam
990 4038 1193 4103 intellectilem,
1213 4023 1321 4097 teatin}

249 4103 405 4170 angelorum
435 4105 573 4159 dominum
599 4108 770 4176 diligentium
801 4109 1032 4161 convenientem.”
1063 4109 1128 4162 nudi
1155 4111 1235 4162 etiam
1267 4103 1321 4170 quc
