2662 4794
406 114 618 180 auuantuu
647 115 749 180 raas
770 119 824 178 ιιι.
1072 84 1156 186 453

71 271 128 344 ξιτ
143 265 315 354 Ἀντωνινιρ
337 265 506 348 Marpesia
526 291 597 333 τινα
616 268 669 333 τὸν
688 273 757 349 μετ’
777 269 818 334 asi
838 267 917 333 uulsi
939 268 1159 350 διαδεξόμενον

71 364 180 430 αὐτὸν
201 363 255 431 snt
272 367 459 449 συγιιλήτου.
502 371 557 431 καί
578 368 594 430 d
612 363 798 441 Ἀντωνῖνος
817 363 961 457 saprade
976 362 1069 433 ἄλλον
1088 367 1161 433 deri

70 466 250 548 Μακρίνου
281 470 478 550 φονευθῆναι
497 468 649 531 ἐκέλευσε·
669 464 747 547 μειοὶ
771 470 806 530 δὲ
827 468 1009 535 Ἀνιωνῖνον
1030 471 1187 552 Ματρί-ο

70 586 129 638 νος
148 560 219 639 ἔτος
239 564 273 628 ἓν
285 566 340 628 καί
357 567 460 646 μῆνας
477 564 519 646 tl.
538 562 616 645 μετὰ
639 567 674 630 δὲ
693 569 803 631 τοῦτον
815 564 999 642 Ἀντωνῖνος
1017 565 1034 630 ὃ
1051 563 1159 631 Ἡλιο-

38 661 217 746 5γᾶβαλος
233 659 288 747 ἔτη
308 665 334 746 γ’
353 667 408 727 καί
425 664 528 748 μῆνας
547 663 589 744 θ’,
611 661 646 738 ὃς
667 666 816 730 τοσοῦτον
829 658 870 748 ἤν
889 662 1023 749 α’σελγὴς
1041 662 1084 741 ὥς
1106 670 1161 731 καί

69 759 129 826 τὸν
147 760 309 845 Ἱεροκλέα
330 759 460 842 ἔννομον
483 762 586 826 αὐτοῦ
606 756 707 848 ἄνδρα
728 767 872 847 ποιῆσαι.
912 763 956 839 ὥς
970 765 1010 827 ’δὲ
1024 769 1159 847 λέγουσι,

68 858 134 924 ναί
155 862 331 938 τινσς’τῶν
359 862 480 946 ἰατρῶν
511 859 670 944 ἠντιβόλει
702 863 803 948 διφυῆ
831 860 929 944 udaie
958 866 1000 926 δι’
1029 865 1161 945 ε’ντσμῆς

68 961 272 1043 ἕμιιροσθίου
292 964 434 1044 ποιῆσαι.
460 959 543 1042 ’μετὰ
566 963 602 1025 δὲ
613 964 732 1026 τοῦτον
752 962 955 1045 Ἀλέξανδρος
977 957 994 1024 a‘
1014 966 1160 1044 τῆςΜιι·

67 1063 175 1140 μαίας
207 1055 264 1142 ἔτη
285 1058 323 1141 ιγ’
347 1062 450 1142 μῆνας
467 1060 505 1142 η’.
549 1055 628 1143 αὕτη
652 1057 804 1143 θεοσεβὴς
825 1053 907 1126 aina
927 1061 981 1126 τὸν
999 1061 1161 1145 Ὠριγὲνην

13 1161 105 1236 soi}
126 1154 320 1240 Ἀντιοχείας
346 1160 490 1223 ἐκάλεσεν
511 1155 602 1232 ,aiere
631 1157 667 1224 τὸ
698 1157 780 1223 κατὰ
801 1159 945 1242 Χριστὸν
966 1163 1160 1246 διδαχθῆναι

65 1254 254 1340 μυστήριον.
269 1255 350 1340 μετοὶ
360 1262 469 1323 τοῦτον
480 1262 662 1339 Μαξιμῖνος
673 1254 725 1341 ἔτη
739 1258 776 1335 ς’.
797 1258 875 1339 μετὰ
889 1260 999 1324 τοῦτον
1009 1258 1160 1340 Μάξιμος

66 1356 128 1423 arus*
148 1362 305 1438 Βαλβῖνος
318 1355 503 1442 ἤμέραςιιβ.
527 1358 606 1440 μετὰ
621 1359 750 1434 τούτους
760 1361 791 1423 Γ
789 1354 944 1441 ορδιιινός,
966 1351 1032 1423 εἶτα
1043 1361 1191 1424 walin-0

64 1479 130 1533 νιος
140 1453 195 1541 ἔτη
207 1454 240 1521 ε’.
257 1449 346 1532 οὗτος
357 1454 493 1532 σπονδάς
504 1459 630 1540 ἐποίησε
642 1456 723 1537 μετὰ
736 1455 890 1540 Συβώρου
903 1459 1058 1539 βασιλέως
1068 1463 1158 1540 Περ·

65 1558 147 1635 σῶν,
169 1553 204 1631 ὃς
218 1553 415 1637 ἐθαυμάζετο
436 1555 491 1621 snt
508 1559 635 1639 μεγέθει
655 1559 814 1635 σώματος·
835 1559 932 1640 μέχρι
952 1556 1012 1640 γὰρ
1035 1555 1157 1622 ἐκείνου

7 1659 132 1731 ι5τοῦ
149 1653 269 1738 χρόνου
288 1658 469 1741 τηλικοῦτος
491 1655 550 1718 οὖν
569 1647 667 1740 ὤφθη
687 1649 863 1737 ἄνθρωπος.
904 1657 958 1720 ἐπὶ
976 1657 1088 1721 τούτου
1100 1660 1158 1722 τοῦ

67 1752 237 1821 Φιλίππου
259 1756 294 1820 tt
314 1753 549 1836 καίΣοβίλλιος
570 1747 620 1837 ἦν.
662 1752 731 1819 τότε
752 1752 793 1838 δὴ
814 1753 870 1819 καί
889 1758 962 1818 καθ’
983 1753 1059 1820 ὁδὸν
1077 1755 1156 1823 ’Iav-

64 1859 164 1929 δαῖος
183 1849 283 1918 ἔκειτο
303 1855 422 1917 νοσῶν·
466 1849 547 1917 cilici
578 1856 764 1934 βαπτισθείς
783 1851 846 1918 ant
868 1855 1083 1937 Χριστιανοῦ,
1102 1854 1158 1919 καί

65 1955 176 2020 ταῦτα
202 1951 336 2030 latrat,
364 1949 457 2034 ὑγιής
489 1950 604 2014 αὐτίκα
636 1954 767 2033 ἐγένετο.
809 1951 921 2016 τούτου
940 1952 976 2014 δὲ
996 1939 1155 2038 1Διονυσίῳ

65 2057 116 2140 τῷ
144 2051 383 2140 ιῖρχιειτισιιόιιῳ
413 2045 634 2132 ἀνενεχθέντος
662 2048 697 2114 sd
720 2055 810 2116 θεῖον
837 2054 892 2116 καί
911 2043 1008 2126 αὖθις
1028 2051 1155 2124 ἐδέξατο

37 2148 240 2240 σφω’τισμοι·
282 2147 362 2213 κατὰ
382 2147 442 2233 γὰρ
466 2147 539 2224 τούς
569 2145 792 2226 ἅποστολιιιοιλς
820 2149 953 2224 κανόνας
975 2151 1033 2213 ουίι
1054 2144 1155 2227 ἔξεστι

146 2337 185 2405 sd.
206 2330 262 2389 aaa·
276 2332 304 2386 P.

67 2510 98 2560 in
117 2507 232 2577 irnperio
250 2522 440 2559 successurum.
461 2511 558 2578 quain
577 2527 605 2560 re
624 2510 803 2578 negligentius
822 2524 851 2560 se
870 2523 965 2578 gerens
982 2508 1154 2570 Antoninus,

68 2580 156 2629 alium
175 2576 308 2647 quendam
333 2594 382 2646 pro
410 2578 529 2629 Macrino
552 2580 632 2631 iussit
663 2580 786 2631 interlici.
804 2585 867 2647 post
883 2577 1050 2630 Antoninum
1071 2578 1152 2646 igitur

68 2665 173 2700 annum
192 2663 275 2699 unum
292 2663 452 2717 mensesque
475 2648 543 2701 dues
562 2650 696 2701 Macrinus
722 2649 872 2719 imperavit·
890 2658 999 2700 secutus
1016 2656 1058 2700 est
1075 2649 1160 2701 illuns¹

68 2718 225 2770 Antoninus
243 2717 451 2786 Heliogabalus,
477 2720 591 2787 imperio
612 2737 647 2771 ue
673 2721 777 2789 potitus
805 2726 847 2771 est
867 2735 952 2771 annos
969 2723 985 2774 3
1003 2734 1108 2770 menses
1126 2735 1153 2784 9.

69 2790 92 2840 la
111 2797 167 2840 tam
185 2785 340 2858 prodigiose
358 2789 471 2840 lascivus
490 2797 548 2840 erat
566 2799 596 2842 ut
632 2791 759 2841 ieroclem
779 2789 833 2841 sihi
849 2805 899 2858 pro
918 2792 1013 2841 marito
1031 2789 1154 2856 legitimo

69 2859 205 2928 iungeret„
222 2868 378 2927 praeterea,
396 2875 445 2911 ceu
465 2858 641 2928 perhibetur,
659 2860 778 2912 medicos
797 2859 928 2928 quosdam
946 2858 1105 2912 obsecrabat
1122 2868 1157 2911 ut

69 2929 104 2980 sb
123 2930 258 2981 anteriora
277 2937 352 2998 parte
379 2931 499 3050 corporis
525 2932 646 2982 sectione
664 2932 733 2982 lacta
751 2947 780 2981 se
799 2931 941 3000 utriusque
961 2938 1074 2982 naturae
1090 2947 1154 2999 par-

68 3000 181 3069 ticipem
200 3002 327 3051 facerent.
346 3008 408 3070 pust
449 3018 500 3051 unc
517 3000 670 3055 Alexander
693 3002 829 3055 Mamaeae
847 3000 875 3051 F.
893 3001 970 3052 annis
995 3002 1022 3052 rh
1045 3007 1073 3051 et
1090 3008 1152 3053 eata

69 3070 210 3122 mensibus
229 3070 343 3138 imperio
362 3071 487 3139 praefuit.
524 3072 661 3134 Mamaea,
682 3088 752 3142 quae
771 3072 897 3139 religioso
914 3071 989 3123 cultu
1007 3069 1088 3121 desim
1105 3087 1153 3121 ve·

69 3149 218 3203 sereretur,
231 3141 380 3191 Antiochea
393 3141 535 3209 Origenem
554 3142 588 3192 ad
608 3158 636 3192 se
651 3143 798 3204 arcessivit,
817 3150 850 3193 ut
868 3141 903 3192 ab
922 3143 980 3211 ipso
997 3141 1032 3192 de
1051 3141 1152 3194 Christi

68 3212 199 3278 mysterio
217 3211 376 3264 erudiretur.
395 3221 457 3281 post
477 3211 656 3263 Alexandrum
674 3213 836 3265 Maximinus
853 3229 900 3264 sex
920 3213 998 3263 annis
1015 3212 1150 3279 regnarit,

67 3291 133 3353 post
149 3281 323 3333 Maximinum
348 3283 480 3334 Maximus
507 3291 535 3334 ct
552 3282 679 3334 Balbinus
697 3282 755 3335 dics
773 3298 814 3333 aa.
843 3284 951 3351 excepit
968 3282 1017 3333 hos
1036 3281 1152 3332 Gordia·

66 3371 129 3406 nus.
149 3351 249 3404 delude
268 3351 408 3422 Philippus
427 3369 511 3404 annos
530 3356 545 3406 5
563 3354 691 3421 regnavit.
711 3355 734 3406 is
752 3370 811 3405 cum
820 3353 922 3422 Sapore
933 3353 1070 3404 Persarum
1089 3367 1151 3419 rege

67 3425 136 3477 lecit
153 3423 283 3486 inducias,
301 3427 347 3492 qui
365 3431 476 3493 propter
495 3423 707 3492 magnitudinem
721 3425 966 3494 proceritatemque
983 3422 1103 3490 corporis
1120 3422 1150 3473 in

64 3496 187 3547 omnium
206 3501 263 3545 erat
279 3493 469 3546 admiratione:
488 3511 548 3545 nam
562 3493 597 3545 ad
609 3493 680 3546 illud
692 3512 777 3565 usqua
789 3503 894 3564 tempus
913 3492 1052 3546 hominum
1069 3507 1150 3542 nemo

26 3607 29 3612 .
64 3575 227 3634 conspectus
248 3563 336 3616 fuerat
355 3566 403 3632 qui
422 3573 606 3634 corporatam
624 3574 701 3616 vasto
719 3573 798 3618 esset
1017 3581 1020 3587 ’

138 3636 194 3686 Sub
212 3632 299 3703 Philip
319 3651 335 3685 ο
354 3634 489 3687 sabellius
507 3635 591 3699 vixit,
611 3635 762 3705 eodemque
784 3637 932 3704 imperante
951 3631 1067 3684 Iudaeus
1087 3632 1150 3701 qui-

65 3706 131 3758 dam
150 3705 244 3758 morbo
271 3652 414 3769 laborans„
438 3707 468 3757 in
490 3707 534 3757 ria
558 3703 668 3775 publica
686 3722 745 3757 cum
762 3707 877 3768 iaceret,
904 3702 1103 3765 aChristiano‚
1121 3710 1150 3755 et
1187 3703 1192 3719 '

61 3777 138 3829 laico
158 3775 282 3846 quidem,
310 3775 474 3845 baptissetus
494 3793 557 3828 mox
576 3776 723 3829 convaluit.
750 3783 915 3845 quapropter
939 3774 973 3825 ad
991 3773 1151 3840 Dionysium

61 3848 221 3900 antistitem
233 3845 373 3906 deductus.
391 3847 508 3898 secunda
518 3848 575 3898 vice
591 3847 776 3899 lustrationem
789 3845 1029 3914 divinamjaccepit
1048 3845 1151 3914 quippe

61 3919 99 3971 de
116 3934 248 3969 maenum
267 3918 450 3986 apostolarum
461 3917 626 3988 praescripto
640 3917 741 3968 nemini
755 3916 876 3968 laicales
895 3923 944 3977 est,
961 3924 992 3967 ut
1003 3917 1150 3986 quicquam

61 4006 159 4042 nrum
178 4005 265 4041 rerum
286 3997 398 4058 peragat
423 4005 491 4059 quae
519 3987 554 4040 ad
574 3985 741 4040 sacerdotum
759 4001 857 4039 munus
877 3986 1028 4054 pertinent,
1047 3987 1149 4038 etiamsi
