2678 4792
343 273 556 339 tuutuou
584 274 686 342 etus
717 280 769 340 tv.
1000 253 1081 366 507

41 447 78 485 οιι
111 425 209 498 adada
249 421 363 492 ἓαοτόν
395 426 567 509 βαστάζειν
606 431 664 492 ode
699 428 848 512 η’όόνατο.
905 427 980 498 ὅθεν
1014 434 1086 499 ἅνε-

41 545 136 603 peras
161 515 275 606 αὖθις,
297 524 422 603 πεδινός
445 529 479 594 di
501 526 684 611 λειπόμενος
703 527 783 614 πρός
802 530 837 594 τό
860 531 969 618 προόην
991 527 1087 615 ὕφος,

41 645 137 685 tuton
159 645 208 687 te.
530 693 532 700 Α

80 720 175 784 Messi
211 725 245 787 δὲ
263 722 435 789 ’Ῑοοστΐνον
461 727 607 807 Τιβέριος
634 723 651 787 ό
684 726 770 813 Θρᾲξ
799 726 854 812 ἔτη
885 731 923 810 δ’,
951 728 1031 811 μετὰ
1053 733 1089 795 di

41 819 109 882 ῖτον
142 815 327 906 Μαοριόιιός
359 822 377 885 ό
406 821 549 905 γαμβρός
589 824 691 888 adteri
723 825 778 889 κατ’
805 831 936 912 Καῖσαρ
970 827 1023 913 ἔτη
1052 826 1087 894 κ’.

41 939 93 992 τος
113 916 217 984 ἔκτισε
247 918 303 985 τόν
324 923 359 986 ἐν
381 924 716 988 Κωνσταντινοοιιόλοι
742 923 819 990 ναόν
840 929 902 992 τοῖν
924 926 1023 1010 ἁγίων
1045 928 1090 1010 μ’.

41 1017 54 1036 '
75 1009 115 1080 οό
134 1021 262 1084 παιόιόν
276 1018 428 1106 ἐγεννήθη
443 1023 477 1085 ἐν
491 1024 824 1088 Κωνοταντινοοιιόλτι
843 1030 944 1111 χωρίς
966 1029 1118 1112 epau-c

41 1114 70 1177 ῗν
91 1117 147 1180 καί
164 1121 301 1200 χειρῶν·
343 1117 421 1203 πρὸς
444 1123 479 1185 δὲ
499 1122 543 1208 τῷ
573 1123 665 1207 ι’σχίφ
686 1118 800 1202 ἰχθύος
822 1123 903 1207 ον’ρὰ
924 1124 1090 1211 προσφυής

41 1215 89 1301 τῷ
116 1210 249 1299 όνιῆρχι.
291 1221 347 1283 καί
377 1219 460 1284 κόων
489 1215 640 1295 οόσαότως
674 1215 809 1299 ἑξάπους
836 1226 1091 1310 λεοντοκὲφαλος.

41 1315 58 1374 ι’
75 1314 110 1378 ἐν
129 1317 170 1402 τῇ
192 1315 302 1406 Θρηίκη
325 1320 383 1383 όόο
408 1319 519 1384 nordio
540 1319 760 1403 ἐγεννήθησαν,
780 1313 826 1385 τόν
844 1321 877 1386 τό
900 1325 958 1404 μὲν
978 1321 1090 1407 τειρό-

41 1436 81 1476 nv
100 1413 136 1478 τό
168 1417 203 1479 δὲ
227 1419 408 1503 δικέφαλον.
458 1422 582 1500 λέγουσι
604 1420 639 1484 di
664 1418 709 1503 μη
732 1423 959 1504 προσημαίνειν
979 1423 1089 1504 α’χαθοὶ

41 1518 71 1586 ἲς
90 1512 220 1578 πόλεσιν
240 1517 274 1580 ἐν
294 1509 347 1592 αἶς
366 1516 404 1581 τό
425 1520 558 1583 τοιαῦτα
578 1521 740 1586 τίκτονται.
788 1518 954 1606 ἐφάνησαν
975 1523 1022 1586 tt
1036 1520 1092 1585 καὶ

59 1615 100 1696 τῷ
130 1616 236 1701 Νείλῳ
271 1619 417 1704 τιοταμηῖ,
451 1612 539 1700 ἦλόοο
563 1618 797 1699 ἀνατέλλοντος,
827 1618 1090 1705 ἀνθρωπόμορφα

43 1712 168 1793 οζαλα,
200 1706 280 1796 α’νὴρ
303 1738 337 1778 ra
363 1719 420 1779 καί
436 1713 535 1800 γονή,
570 1712 650 1800 ὅπερ
685 1721 740 1782 καί
757 1722 906 1804 Σειρῆνες
933 1741 1090 1803 αροσαγο·

41 1806 167 1892 οόνται,
189 1810 378 1897 ἦόόφθογγα
400 1811 484 1877 πάνυ
505 1815 561 1879 καί
579 1815 813 1901 θανατηφόρα,
833 1812 1090 1899 όνθρωποτιετει·

41 1914 157 1994 αορφα.
206 1908 223 1975 ό
255 1915 290 1976 δὲ
310 1911 388 1987 λαός
406 1910 486 1994 μετὰ
508 1918 568 1977 τοῦ
591 1911 734 1995 ἐπάρχου
757 1914 974 1996 θαυμάζοντες
995 1912 1091 1999 ὧραι·

41 2028 56 2069 ν
75 2006 158 2072 adad
179 2008 224 2092 μη
250 2007 472 2095 ἀναχωρῆσαι,
501 2012 576 2095 apia
596 2008 636 2077 dv
652 2008 787 2089 ἅπαντας
807 2016 1016 2099 ἑμφορηθῶσι
1035 2018 1122 2098 rien

41 2106 182 2188 ιραδόξοο
200 2111 278 2185 θέας
299 2104 420 2176 adnuis.
474 2106 549 2176 ὅθεν
573 2114 628 2176 καί
647 2114 798 2192 μείναντα
818 2118 932 2196 μέχρις
954 2108 1040 2195 οόρας
1058 2111 1087 2176 θ’

41 2208 178 2273 τέλοσαν
197 2211 242 2283 εἰς
255 2208 318 2274 τόν
338 2207 492 2291 ποταμόν.
522 2213 643 2275 ἐκεῖθεν
667 2214 702 2275 δὲ
732 2209 927 2296 κροκόδειλοι
948 2211 1090 2294 ἐξῆλθον,

41 2301 57 2368 ι’
76 2305 212 2382 ιιολλοός
239 2309 301 2374 τῶν
332 2310 512 2396 α’νθροόιιων
538 2313 736 2396 διέφθειραν.
787 2310 805 2374 ό
837 2313 872 2378 δὲ
893 2311 1089 2395 κροκόδειλος

41 2628 130 2680 tuisse.
163 2637 330 2698 qrmpropter
357 2647 466 2699 operam
486 2631 563 2683 dedit
583 2633 728 2701 imperator
748 2640 779 2683 ut
797 2633 832 2685 de
849 2649 919 2685 novo
939 2640 1089 2685 exstruere-

41 2719 52 2761 =‚
74 2699 114 2750 ita
133 2705 223 2760 tamen
243 2707 275 2751 ut
294 2700 391 2768 prioris
405 2702 579 2754 sublimitatis
599 2699 722 2771 respectu
742 2710 847 2756 tantum
866 2721 922 2757 non
941 2711 1088 2774 campestre

41 2788 86 2820 um
103 2785 220 2838 aequare
237 2769 376 2822 videretur
389 2811 396 2834 ,
410 2772 445 2824 ad
465 2789 558 2841 orgyas
587 2774 616 2823 15
633 2774 755 2825 excitata.

72 2842 136 2892 Post
154 2840 284 2892 lustinum
295 2841 430 2905 Tiberius,
445 2842 561 2894 'l'hracia
581 2843 684 2912 etipse
703 2842 848 2907 oriundus,
868 2850 995 2912 quattuor
1010 2842 1089 2895 annis

41 2928 80 2961 rus
101 2910 227 2979 praefuit.
264 2910 381 2974 ¹Tiberio
398 2913 543 2965 Mauricius
569 2930 651 2981 gener
675 2916 819 2976 successit,
845 2913 940 2964 Caesar
958 2921 1021 2964 aute
1040 2913 1089 2963 de-

42 2989 135 3045 ratus,
166 2983 299 3050 annisque
322 2983 416 3050 viginti
443 2985 508 3035 totis
533 2984 681 3053 imperavit.
709 2986 732 3034 is
750 2984 880 3053 tempium
911 2982 1089 3053 quadraginta

40 3060 157 3104 ictorum
176 3052 253 3120 Cpoli
273 3053 404 3104 condidit.
425 3063 505 3105 natus
525 3063 565 3106 est
584 3057 666 3106 etiam
684 3056 743 3123 ipso
762 3063 892 3122 regnante
913 3071 981 3122 puer
1000 3054 1088 3123 cpott,

41 3125 45 3173 i
66 3122 154 3173 oculis
174 3122 356 3191 manibusque
375 3125 503 3187 carebat,
521 3125 606 3176 cauda
626 3126 728 3194 piscina
748 3125 782 3175 ad
800 3122 959 3176 coxendices
977 3134 1089 3177 natura-

41 3212 63 3244 ιτ
81 3192 254 3244 adhaerente.
268 3203 406 3261 praetcrea
417 3196 490 3246 canis
509 3212 557 3247 sex
570 3195 653 3265 pedes
671 3205 700 3248 et
716 3196 855 3247 leoninum
876 3204 957 3264 caput
975 3194 1086 3246 habens.

41 3281 65 3315 m
92 3262 148 3314 duo
175 3264 204 3314 in
223 3263 339 3315 Thracia
364 3266 499 3328 infantes,
553 3283 646 3317 uorum
670 3284 739 3317 unus
765 3266 918 3335 quadrupes
940 3274 998 3317 erat
1021 3266 1089 3316 aiter

41 3351 103 3402 reps.
134 3333 279 3402 perhibent
302 3344 392 3386 nartem
420 3337 453 3387 iis
482 3283 612 3399 urbdtus,
632 3339 660 3388 in
689 3337 788 3405 quibus
814 3336 970 3388 huiusmodi
997 3336 1089 3387 scetus

41 3413 164 3466 scantur,
188 3406 298 3457 minime
324 3406 412 3470 fausta
439 3406 572 3474 portendi.
601 3416 744 3475 conspecta
771 3417 834 3459 sunt
860 3409 940 3457 etiam
961 3407 990 3455 in
1009 3423 1088 3456 amito

41 3478 65 3525 io
85 3474 144 3525 sole
162 3476 277 3544 primum
297 3477 401 3529 oriente
420 3475 474 3526 duo
495 3476 626 3546 quaedam
646 3478 791 3538 animalia,
818 3480 930 3528 t'ormam
947 3477 1089 3526 humanam

41 3546 168 3608 ercutio,
200 3547 251 3597 viri
269 3564 368 3609 unum,
393 3548 512 3598 mulieris
538 3549 670 3600 alterum:
699 3549 806 3599 Sirenes
826 3547 958 3616 appellari
981 3546 1089 3608 solent,

41 3615 111 3667 mdis
137 3614 247 3684 quidem
277 3618 326 3669 illa
349 3615 459 3668 vocibus
486 3618 609 3681 utentia,
632 3618 679 3671 scd
710 3619 790 3687 piano
820 3616 944 3679 letifera,
972 3616 1090 3684 speciem

41 3686 139 3738 endam
151 3685 282 3738 humanae
296 3687 473 3740 acvolucrum
491 3705 524 3739 ex
543 3705 631 3758 aequo
649 3689 814 3740 consimilem
831 3686 998 3756 praebentia,
1018 3703 1089 3754 cquae

40 3758 49 3806 i
72 3757 194 3825 conspici
213 3760 379 3826 coepissent,
397 3759 515 3826 populus
541 3776 594 3809 una
608 3776 674 3810 cum
691 3758 826 3827 praesecto
842 3766 951 3825 stupore
971 3755 1089 3825 quodam

41 3829 121 3895 rrepti
138 3845 188 3895 per
214 3826 411 3881 adiurationcm
428 3827 645 3892 adstrinxerunt,
670 3831 798 3897 ueprius
817 3826 988 3878 discederent
1008 3844 1089 3895 quam

42 3899 123 3949 iversi
145 3905 198 3949 tam
210 3916 269 3949 raro
283 3916 312 3949 se
324 3899 478 3967 spectaculo
497 3906 701 3951 exsaturassent.
717 3900 753 3949 ita
767 3898 865 3948 sactum
887 3906 918 3948 ut
935 3897 969 3946 ad
989 3914 1088 3949 nonam

41 3986 90 4037 que
111 3967 206 4019 horam
224 3978 387 4020 commorata
408 3969 536 4037 deinceps
554 3969 636 4019 ilario
654 3985 682 4020 se
695 3977 853 4034 mergerent.
876 3965 939 4018 hinc
961 3968 1090 4019 crocodili

41 4040 104 4091 ressi
132 4046 213 4102 scrut,
239 4040 422 4110 plurimosque
440 4040 566 4091 mortales
586 4040 647 4090 neci
666 4035 807 4090 dederunt.
827 4047 868 4089 est
887 4047 975 4090 atatem
997 4056 1090 4089 croco-

41 4128 76 4162 us
92 4109 186 4161 bellua
205 4110 338 4179 quaedam
355 4111 422 4179 pisci
442 4109 600 4168 consimilis,
624 4109 732 4176 ingens,
751 4108 923 4178 quadrupes,
944 4109 1014 4163 dorsi
1033 4110 1089 4178 spi-

41 4199 65 4234 m
95 4181 199 4250 nigram
220 4180 338 4243 habens,
368 4181 430 4234 albo
448 4189 559 4245 ventre,
578 4178 688 4232 diducto
714 4189 748 4241 et
759 4179 846 4232 hianti
864 4196 971 4248 prorsus
990 4197 1035 4232 ore
1055 4179 1089 4230 sd
