2722 4800
611 260 828 326 liiCllAELiS
858 255 1023 324 eticae

270 410 326 473 τόν
346 404 514 493 ἄνθρωπον
522 460 531 489 ,
552 412 634 490 χοῦν
649 409 758 488 λαβών
778 400 840 472 dno*
862 412 918 495 τῆς
936 412 992 494 γῆς
1012 406 1068 471 καί
1089 408 1276 494 ἐμφυσήσεις
1294 437 1311 475 u

269 511 329 596 τῷ,
351 510 495 593 καθάπερ
514 504 637 573 ἄνωθεν
660 508 796 592 εἴρηται.

353 606 545 694 Ποιήσωμεν
580 601 748 691 άνθρωτιον
791 613 858 672 κατ’
886 604 989 671 εἰκόνα
1015 607 1174 693 ἡμετέραν
1200 610 1255 674 κατ’
1278 623 1314 673 τοι

271 705 436 791 ὁμοίωσιν,
457 706 512 771 καί
531 706 718 793 ἀρχέτωσοιν
735 710 799 771 νῦν
818 703 944 789 ἰχθύων
963 708 1021 790 τῆς
1037 709 1107 791 γῆς.
1142 705 1197 773 διό
1218 712 1254 774 τί
1267 709 1314 793 πρό

268 831 323 875 τον
343 811 484 873 ἐνταῦθα
503 809 566 872 ταῖν
592 803 716 889 ἰχθύων
746 805 970 890 ἐμνημόνευσε,
989 809 1066 889 ,καί
1085 809 1271 893 α’ρχὲτωσαν
1286 808 1314 870 τό

268 907 391 990 ἰχθύων
413 910 469 991 τῆς
495 904 681 989 θαλάσσης,
710 909 773 970 τεόν
800 908 947 970 πετεινῶν
974 908 1033 990 τοῦ
1061 907 1203 990 ούρανοῦ
1220 905 1272 971 καί
1287 908 1314 970 τό

267 1010 390 1089 θηρίων
420 1008 475 1088 τῆς
504 1008 577 1089 γῆς’
609 1004 706 1069 είπιόν
714 1029 726 1084 3
755 1001 835 1068 κατά
867 1003 925 1087 τήν
943 1001 1032 1080 τάξιν
1051 1007 1108 1088 τῆς
1129 1006 1314 1089 δημιουργίας

267 1109 393 1188 πρῶτον
416 1103 477 1189 γάρ
507 1103 538 1168 οἱ
570 1102 684 1186 ἰχθύες
713 1104 748 1166 ἐκ
770 1103 826 1186 τῆς
848 1101 1012 1186 θαλάσσης
1040 1105 1182 1186 ἐγένοντο
1192 1154 1202 1186 ,
1229 1100 1314 1170 εἰτατ

140 1236 141 1239 “
190 1203 413 1286 danamassi,
432 1201 512 1284 μετά
533 1207 632 1269 ταῦτα
653 1204 689 1266 δὲ
712 1198 774 1265 άπό
795 1202 851 1287 τῆς
870 1203 927 1285 γῆς
950 1200 988 1267 τά
1013 1199 1201 1287 τετράποδα.

183 1312 215 1364 V.
223 1315 257 1364 63
351 1304 423 1369 Καί
439 1306 533 1368 τοῦτο
557 1304 592 1367 δὲ
614 1305 782 1387 ζητοῦσιν,
804 1303 954 1385 α’γαπητὲ,
974 1304 1059 1377 τίνος
1078 1301 1179 1368 ἕνεκεν
1202 1297 1314 1389 ἢγαγεν

266 1402 333 1480 ζιῦα
352 1402 432 1489 πρός
451 1401 504 1468 τόν
524 1401 627 1482 Ἀδὰμ
651 1400 667 1466 ό
688 1397 775 1477 θεός.
819 1397 964 1489 ἔφθασεν
984 1399 1082 1467 εἷποόν
1106 1398 1157 1468 ότι
1178 1402 1314 1487 ποιήσαιμι

265 1495 434 1585 ἄνθρωπον
464 1506 533 1566 κατ’
563 1500 670 1567 εἰκόνα
706 1499 869 1587 ἡμετέραν,
899 1503 954 1566 καί
975 1501 1103 1585 α’ρχέτω
1135 1503 1199 1568 νῦν
1222 1497 1314 1586 ἰχθύω

265 1601 317 1664 ἵνα
336 1602 412 1681 γοῦν
441 1596 517 1686 όπερ
548 1596 615 1666 εἰπε
637 1603 730 1685 δῆλον
757 1598 860 1685 ἔργοις
887 1597 997 1675 οῦτοῖς
1019 1606 1165 1686 γένηται,
1187 1600 1239 1667 est
1259 1601 1314 1664 τοῦτ

264 1696 303 1762 τά
324 1701 390 1778 loia
420 1693 515 1784 ἤγαγε
537 1698 616 1785 πρός
648 1697 704 1766 τόν
721 1700 827 1783 Ἀδάμ
848 1700 892 1776 ὥς
922 1703 1067 1766 ἐντεῦθεν
1087 1703 1142 1765 καί
1160 1699 1218 1786 τὴν
1239 1695 1314 1764 sinus

262 1796 322 1881 γῆν
351 1797 457 1863 αῦτῦν
488 1802 718 1884 ἐπιγνωσθῆναι
747 1798 818 1885 (καί
851 1799 915 1885 γάρ
953 1799 998 1875 αός
1030 1801 1128 1866 δοῦλα
1163 1804 1314 1886 παρίστονι

264 1890 403 1987 ἅπαντα)
426 1903 481 1965 καί
499 1900 557 1985 τίγν
578 1903 728 1966 δοθεῖσαν
749 1896 811 1965 ῦπό
834 1903 916 1965 θεοῦ
934 1898 1051 1985 σοφίαν
1072 1903 1116 1988 τῷ
1132 1900 1239 1983 Ἀδάμ
1257 1894 1314 1979 λη’λι

262 1999 409 2076 γενέσθαι
432 2004 547 2063 παντί·
604 2001 656 2085 ἐφ’
679 1997 795 2089 ἑκάστῳ
814 2001 875 2087 γὰρ
898 2000 961 2065 τοῖν
981 1996 1070 2079 ζάων
1091 1993 1190 2084 όνομα
1209 1998 1314 2067 iasar

264 2093 366 2160 αῦτοῦ
382 2096 479 2183 φύσει
500 2096 701 2183 κατάλληλον.

349 2198 543 2282 Ποιήσωμεν
573 2192 743 2281 ἄνθρωπον
771 2201 838 2263 κατ’
872 2196 978 2263 εἰκόνα
1017 2195 1172 2282 ἡμετέραν
1204 2201 1258 2262 καί
1276 2217 1314 2258 κα·

264 2295 433 2378 ῦμυίωσιν,
471 2300 614 2363 τουτέστι
650 2295 803 2377 διόσωμεν
823 2299 907 2385 αύτῷ
927 2297 1021 2381 λόγου
1044 2301 1247 2380 περιουσίαν,
1266 2293 1299 2366 ῦς

263 2400 361 2480 μέγας
383 2394 465 2482 φησί
485 2393 667 2470 Βασίλειος.
690 2396 767 2479 ,,και“
779 2392 815 2460 τό
836 2400 897 2478 μὲν
916 2405 983 2461 κατ’
1002 2395 1109 2462 εἰκόνα
1130 2400 1166 2463 ἐκ
1188 2401 1264 2463 θεοῦ
1275 2391 1314 2457 stc

263 2501 339 2579 βον,
363 2489 460 2581 ἤγουν
491 2493 526 2562 τό
546 2495 670 2578 λογικόν
704 2489 802 2579 εἰναι,
824 2493 858 2562 τό
881 2497 917 2563 δὲ
937 2502 1012 2564 καθ’
1035 2495 1186 2580 ὁμοίωσιν
1206 2495 1273 2583 ε’,ιωί
1288 2511 1314 2555 ει

267 2807 336 2865 mat,
362 2815 423 2851 cum
450 2800 590 2870 pulverem
614 2800 648 2851 de
677 2808 748 2853 terra
776 2801 935 2870 sumpsisset
957 2814 988 2852 ac
1015 2799 1111 2852 faciem
1136 2799 1196 2852 eius
1213 2796 1314 2850 adosse*

268 2869 495 2943 quemadmodum
514 2889 595 2941 supra
614 2873 886 2923 commemoravimus.

340 2943 494 3006 Faciamus,
508 2943 614 3012 ,inquit
639 2942 720 3014 (Gen.
743 2960 751 2993 r
774 2944 838 3013 26),
857 2941 994 2993 homiuem
1012 2939 1047 2992 ad
1063 2941 1209 3010 imaginem
1227 2933 1314 3009 simitu

213 3010 217 3021 ⁸
268 3013 414 3082 diuersique
440 3021 571 3076 nostram,
596 3013 641 3083 qui
663 3013 773 3064 marinis
796 3013 932 3098 piscibus,
965 3012 1122 3064 volucribus
1141 3010 1314 3075 aereis‚hrsi¹

210 3123 212 3127 -
267 3093 355 3136 terrae
374 3083 534 3135 dominetur.
556 3085 691 3136 enimvero
711 3098 758 3135 cur
776 3082 864 3150 hrsin
881 3083 970 3136 verbis
988 3083 1076 3152 primo
1094 3084 1209 3152 piscium
1228 3084 1314 3134 saeue

267 3154 391 3206 mentio?
411 3155 578 3218 dominetur,
607 3155 663 3219 ait,
682 3155 792 3206 marinis
809 3154 938 3224 piscibus.
956 3154 1084 3205 nimirum
1103 3153 1155 3206 lroc
1174 3153 1259 3207 ordini
1276 3158 1314 3198 effi

268 3226 352 3278 tionis
370 3234 412 3277 est
429 3233 647 3276 consentaneum.
673 3241 734 3278 nam
755 3226 843 3296 primo
863 3227 951 3295 pisces
974 3241 989 3277 c
1008 3226 1075 3276 mari
1093 3233 1156 3277 saint
1175 3225 1235 3291 orti,
1254 3220 1314 3275 deins

267 3296 406 3359 volucres,
428 3302 459 3346 ac
477 3296 624 3347 secundum
646 3296 693 3348 has
723 3295 827 3348 bestiae
846 3296 969 3349 deterre
988 3295 1189 3366 quadrupedes.

339 3366 409 3419 Sunt
426 3367 523 3430 etiam,
553 3367 653 3419 dilecte
677 3368 735 3432 fiii,
766 3369 815 3439 qui
843 3368 911 3421 scire
928 3368 1017 3419 veiint
1034 3367 1212 3436 quamobrem
1228 3353 1314 3416 animai

267 3437 378 3490 condita
395 3438 462 3490 deus
479 3437 514 3489 ad
539 3437 670 3490 Adamum
695 3437 847 3491 deduxerit„
866 3448 947 3491 antea
965 3439 1069 3490 scilicet
1088 3437 1197 3490 dixerat
1208 3436 1314 3503 „faciam

268 3508 407 3562 hominem
425 3509 460 3561 ad
478 3509 622 3578 imaginem
642 3518 769 3574 nostram,
787 3511 836 3581 qui
853 3510 974 3581 piscibus
992 3509 1110 3579 aliisque
1130 3501 1314 3578 domineturss’,¹

268 3598 331 3649 ergo
355 3582 457 3651 reipsa,
480 3580 554 3651 quod
573 3581 690 3646 dixerat,
711 3581 850 3645 eveniret,
878 3580 914 3633 ad
931 3580 1062 3650 ddamurn
1080 3580 1208 3631 animalia
1227 3578 1311 3631 dedu¹¹

268 3660 300 3704 ut
317 3651 380 3704 hinc
408 3669 499 3704 eorum
523 3651 682 3704 obedientia
709 3661 900 3721 cognoscetur:
922 3652 1024 3723 quippe
1041 3651 1251 3704 circumstabant
1266 3650 1314 3718 ipsu

269 3724 360 3775 omnia
377 3731 506 3794 tanquam
523 3724 582 3776 eius
601 3724 746 3794 mancipia.

338 3794 481 3847 Praeterea
502 3793 622 3847 debehat
641 3794 692 3846 hoc
708 3800 788 3863 pacto
807 3793 941 3863 sapientia
961 3790 1091 3845 divinitus
1110 3792 1213 3844 adamo
1233 3791 1314 3842 conces

269 3863 446 3916 innotescere.
473 3882 535 3917 nam
562 3866 675 3934 singuiis
699 3864 862 3917 animalibus
894 3872 951 3917 tum
970 3881 1070 3915 nomen
1094 3865 1226 3934 cuiusque
1246 3862 1314 3911 nasus

269 3944 481 3988 consentancum
511 3937 621 3990 indidit.
647 3937 792 4002 „iaciamus
816 3935 954 3986 hominem
983 3934 1018 3984 ad
1040 3936 1184 4004 imaginem
1202 3931 1314 3985 similitu*

269 4021 385 4074 nemque
413 4011 564 4071 nostram,''
594 4008 645 4060 hoc
664 4017 720 4073 est,
749 4007 894 4077 largiamur
914 4006 940 4057 ei
961 4007 1074 4058 rationis
1093 4005 1299 4058 abundantiam·

269 4092 381 4144 magnus
408 4077 455 4128 iile
472 4079 588 4131 Basilius
606 4079 673 4131 haec
696 4079 779 4133 verba
801 4077 928 4128 declarat.
948 4093 981 4128 ex
1000 4077 1042 4129 iris
1061 4076 1137 4148 ‹garod
1154 4077 1295 4146 imaginem

270 4147 357 4210 tinet,
386 4163 444 4199 eam
474 4150 565 4219 accepi
593 4168 607 4201 a
632 4150 698 4213 deo,
725 4149 852 4202 nimirum
877 4146 951 4219 quod
978 4148 1090 4202 rationis
1118 4166 1177 4202 sum
1206 4145 1314 4220 partice
