2722 4800
253 231 312 318 68
587 250 803 318 uiuamus
830 251 993 318 osucsu

253 403 529 496 προσαγορεύεται.
557 402 613 472 καί
631 405 740 490 έπειδῆ
761 406 819 470 δόο
834 404 1007 490 κοιλότητες
1028 407 1169 488 ἀκριβῶς
1188 401 1331 486 ἀλλῆλαις

218 510 529 595 Ινπροσηρμοσμέναι
540 501 574 569 τό
587 497 713 589 όστρεον
734 504 1015 588 περιπτόοσονται,
1036 504 1214 585 ἀναγκαίως
1236 494 1331 586 οἴπραΙ

251 611 321 673 κτοί
336 610 416 672 εἰσιν
440 602 473 669 αἱ
492 602 593 689 χηλαὶ
610 607 669 668 τοῦ
680 606 838 689 καρκίνον.
879 607 914 667 τί
934 596 991 668 cdv
1009 610 1095 667 ποιεῖ
1101 629 1112 682 ,·
1131 597 1208 666 όταν
1231 599 1284 690 ἴδη
1306 605 1331 666 ἐι

251 707 424 792 ἀπηνέμοις
443 707 516 786 μεθ’
537 699 652 789 ῆδονῆς
683 703 939 785 διαδαλπόμεναν
962 706 1018 766 καί
1036 699 1112 787 πρὸς
1132 702 1191 777 τός
1211 703 1331 776 ἀκτῖνας

250 810 308 872 τοῦ
328 804 419 889 η’λίον
440 801 498 878 τοὶς
528 800 654 885 πτύχας
683 795 782 866 airon}
813 799 1056 882 διαπλώσαντα,
1075 797 1144 866 τότε
1167 800 1207 884 δῆ
1230 797 1331 887 λόθρα

249 906 397 991 ψηφῖδας
417 899 630 984 παρεμβολῶν
652 899 820 966 διακωλύει
836 901 891 984 τῆν
913 896 1101 982 σόμπτυξιν,
1119 898 1175 964 καί
1193 895 1331 983 εάρίσιιε·

249 1027 303 1070 ται
322 1000 358 1069 τό
391 1005 530 1068 ἐλλεῖπον
561 1004 658 1082 μέρος
686 1003 744 1084 τῆς
778 999 942 1080 δυνάμεως
968 998 1022 1063 διό
1042 1003 1100 1082 τῆς
1119 1001 1264 1074 ἐπινοίας
1283 1023 1331 1063 πε.

249 1102 442 1189 ριεχόμενος.
486 1095 567 1182 αὕτη
587 1099 606 1183 ἦ
627 1101 721 1164 κακία
740 1102 804 1165 τάν
822 1099 903 1186 μῆτι
919 1096 1012 1182 λόγου
1041 1094 1120 1184 μῆτε
1141 1104 1253 1184 φωνῆς
1279 1123 1331 1180 με·

247 1198 414 1284 τιχόντων.

333 1296 409 1365 Oios
439 1297 480 1365 τά
502 1297 578 1384 κῆτη
609 1297 668 1381 τῆν
694 1296 921 1386 ἀφωρισμένην
954 1291 1063 1373 αότοῖς
1086 1297 1172 1384 παρά
1192 1303 1251 1383 τῆς
1272 1298 1331 1385 φό-

245 1424 327 1476 σεως
348 1401 482 1471 δίαιταν.
533 1397 590 1483 τῆν
619 1395 679 1476 ἔξω
700 1401 763 1465 τῶν
787 1401 978 1480 οἰκουμένων
1009 1400 1137 1483 χωρίων
1168 1402 1331 1485 κατειληφι

245 1497 430 1580 θάλασσαν,
459 1496 518 1582 τῆν
547 1495 608 1577 ἔξω
633 1495 752 1583 νῆσων,
780 1490 802 1584 ᾗ
831 1500 971 1582 μηδεμία
999 1497 1080 1581 πρός
1110 1498 1150 1584 τῆ
1180 1497 1331 1582 ἀντίπερα

167 1601 440 1684 Ρ.36κοιθέστηκεν
468 1590 607 1683 ἤπειρος.
666 1596 774 1683 διόπερ
814 1591 934 1672 όπλοος
964 1599 1065 1679 έστίν,
1098 1591 1173 1661 αότε
1192 1595 1331 1682 ἱστορίας

249 1694 321 1764 οότε
340 1696 424 1774 τινός
441 1700 554 1780 χρείας
571 1700 772 1777 κατατολμάν
801 1698 900 1781 αάτῆς
919 1696 994 1771 τοός
1013 1700 1180 1781 πλωτῆρας
1202 1698 1331 1762 ἀναπει-

162 1797 379 1883 Ἰηθδαόσης.
405 1801 508 1864 ἐκεῖνα
527 1799 744 1878 καταλαβόντα
754 1795 793 1862 τὰ
815 1796 890 1882 κῆτη
904 1805 967 1873 τοϊς
987 1797 1145 1880 μεγίστοις
1169 1800 1232 1861 τάν
1253 1797 1331 1883 όριόν

244 1897 324 1964 κατό
346 1896 382 1962 τό
404 1901 539 1980 μέγεθος
571 1894 712 1978 ἐοικότα,
740 1895 783 1972 αός
803 1896 834 1960 οἱ
865 1897 1051 1978 τεθεαμένοι
1072 1897 1170 1982 φασί,
1190 1897 1331 1978 μένειέι

243 2006 310 2074 τοῖς
332 1999 455 2073 οἰκείαις
476 1993 581 2080 ὅροις,
612 1994 693 2080 μήτε
724 2005 794 2073 ταῖς
826 1995 935 2080 νῆσοις
962 1993 1043 2081 μῆεε
1070 2006 1141 2071 ταῖς
1162 2001 1331 2080 παραλίοις

243 2095 354 2163 πόλεσι
374 2097 603 2179 λυμαινόμενα.
629 2092 711 2160 odron
731 2097 793 2177 μὲν
813 2086 869 2159 σόν
890 2098 1020 2159 ἕκαστον
1040 2096 1129 2178 γένος
1149 2090 1256 2178 ὥσπερ
1278 2092 1331 2157 πό-

243 2204 330 2263 λεσιν
358 2192 380 2282 ἢ
405 2201 552 2278 πατρίσιν
590 2193 742 2277 ἀρχαίαις
761 2203 828 2271 τοῖς
856 2194 1117 2278 ἀποτεταγμένοις
1143 2196 1252 2270 αάτοῖς
1279 2194 1331 2277 τῆς

243 2292 408 2377 θαλάσσης
430 2301 559 2385 μέρεσιν
579 2294 787 2370 ἐναυλίζεται.
829 2290 896 2357 ἔστι
914 2296 975 2374 μέν
998 2287 1055 2357 οὖν
1075 2296 1132 2359 καί
1147 2297 1240 2378 κῆτος
1260 2297 1331 2379 πρί.

243 2417 288 2459 οον
308 2390 394 2458 οότω
411 2388 617 2473 καλοόμενος·
661 2394 753 2454 τοῦτο
774 2386 832 2456 έάν
850 2389 903 2478 ἴδη
923 2397 1032 2457 πλοῖον
1051 2393 1236 2476 ἀρμενιζον,
1259 2418 1331 2459 σοι·

216 2494 408 2580 Βαρμενίζει
437 2490 494 2558 καί
512 2485 588 2558 oriri
625 2493 669 2582 ειῆ
690 2491 800 2582 πλοίιρ.
849 2493 905 2557 καί
923 2494 1014 2580 κῆτος
1035 2496 1144 2578 ἓτερον
1162 2495 1331 2578 ἀοπιδοχε.

315 2686 340 2737 7.
358 2627 580 2741 παρεχόμενοεὲ

246 2840 335 2914 eoque
351 2838 469 2897 solemur
487 2843 539 2897 hoc
556 2843 656 2897 animal
678 2842 923 2907 ostracodermum‚
939 2845 1019 2914 quasi
1036 2850 1155 2897 testaceo
1174 2854 1238 2898 cute
1255 2864 1331 2918 prae·

246 2914 351 2977 ditum,
376 2914 523 2984 appellare.
548 2930 664 2986 cumque
692 2915 762 2966 duas
787 2917 966 2967 concavitates
999 2923 1124 2968 accurate
1144 2915 1196 2968 sibi
1217 2918 1331 2970 invicem

246 2986 354 3035 iunctas
372 2993 490 3035 ostreum
505 2986 595 3055 ipsum
613 2985 841 3055 complectantur,
868 2987 1021 3038 necessario
1041 2986 1135 3037 chelae
1156 2990 1246 3039 cancri
1264 2991 1331 3040 nihil

247 3055 355 3106 efficere
377 3062 497 3124 possunt.
516 3056 582 3124 quid
601 3072 663 3125 ergo
683 3056 813 3108 molitur?
831 3074 890 3108 cum
908 3065 1026 3109 ostreum
1043 3058 1073 3108 in
1090 3058 1156 3108 locis
1173 3067 1258 3111 vento
1279 3077 1331 3111 nou

248 3125 377 3193 expositis
391 3141 451 3175 cum
461 3126 602 3195 voluptate
617 3127 801 3195 perculescere
813 3144 929 3196 suasque
941 3127 1025 3197 plicas
1038 3127 1073 3179 ad
1086 3127 1177 3180 radios
1190 3130 1257 3181 solis
1269 3147 1331 3200 spe-

248 3195 301 3245 rirc
318 3194 402 3258 videt,
421 3203 477 3246 turn
500 3213 564 3247 vero
583 3198 734 3249 clanculum
763 3199 863 3249 iniecto
875 3199 989 3262 calculo,
1000 3200 1145 3268 quominus
1164 3216 1209 3251 eas
1228 3218 1331 3252 rursum

247 3263 373 3328 claudat,
395 3264 525 3334 impedit3
544 3267 673 3337 quodque
691 3267 792 3320 viribus
820 3271 935 3337 nequit,
954 3270 1064 3322 solertia
1082 3269 1199 3339 quodam
1220 3272 1331 3340 perlice-

248 3351 276 3386 re
298 3333 520 3403 deprehenditur.
551 3354 581 3389 ea
609 3339 729 3390 versutia
756 3348 797 3392 cst
828 3339 1002 3405 animalium,
1020 3357 1091 3411 quoe
1108 3356 1199 3410 usque
1216 3343 1331 3394 rationis

247 3417 336 3476 neque
361 3408 434 3457 vocis
461 3423 539 3458 usum
559 3407 671 3460 hubent.

316 3477 425 3528 Norunt
453 3478 506 3528 ceti
534 3481 727 3548 praescriptum
750 3486 880 3548 anaturn
897 3479 950 3531 ribi
974 3480 1082 3544 locum,
1101 3481 1129 3533 in
1148 3498 1203 3551 quo
1225 3483 1331 3552 degant.

246 3563 308 3598 nam
326 3564 398 3598 mare
447 3547 502 3599 uod
518 3558 592 3601 extra
610 3549 669 3600 loca
691 3551 852 3602 mortalibus
878 3550 1031 3601 inhabitata
1051 3567 1109 3603 sese
1125 3553 1270 3620 protendit
1288 3571 1331 3606 ex-

246 3625 343 3687 traque
368 3564 471 3670 insudas
497 3620 580 3671 situm
607 3630 661 3683 est,
691 3628 838 3690 occupant3
868 3620 914 3672 ubi
932 3621 1008 3672 nulls
1027 3631 1110 3673 restet
1128 3622 1244 3676 ulterius
1262 3634 1331 3676 terra

248 3690 406 3754 continens,
427 3705 497 3759 quae
516 3689 664 3741 fluitationi
687 3708 779 3742 eorum
803 3692 839 3743 sit
856 3691 1059 3760 impedimento.
1080 3709 1130 3743 nec
1150 3693 1208 3744 ulla
1224 3697 1269 3746 vel
1292 3695 1331 3746 hi·

248 3760 332 3809 storin
352 3760 395 3811 vel
415 3778 478 3812 usus
496 3762 653 3830 navigantes
673 3762 790 3831 impellit
808 3770 839 3813 ut
854 3762 959 3831 aliquid
978 3762 1105 3814 adversus
1127 3780 1159 3814 es
1175 3765 1331 3817 moliuntur.

247 3827 300 3879 hoc
317 3831 399 3896 igitur
414 3847 486 3882 mare
504 3833 644 3884 consecuti
662 3833 733 3897 ceti,
758 3832 945 3902 magnitudine
963 3850 1010 3883 sua
1028 3834 1071 3884 vel
1090 3836 1213 3887 maximis
1231 3838 1331 3889 monti·

248 3896 299 3949 bus
322 3901 495 3965 consimiles,
523 3912 554 3955 ut
571 3903 663 3965 ciunt,
693 3905 741 3973 qui
760 3920 806 3956 eos
828 3902 967 3967 viderunt,
986 3920 1048 3955 suos
1065 3904 1136 3957 intra
1153 3904 1256 3959 liidites
1274 3925 1331 3959 ma·

247 3976 331 4032 nent,
352 3984 441 4041 neque
460 3974 607 4026 maritimos
625 3973 660 4025 ad
681 3973 761 4026 urbes
781 3973 932 4039 accedunt,
951 3973 1000 4025 sed
1019 3975 1047 4025 in
1065 3976 1162 4045 priscis
1179 3977 1236 4030 illis
1254 3979 1331 4030 attri·

248 4037 309 4088 buti
339 4039 392 4090 sihi
410 4043 491 4093 muris
522 4045 645 4111 partibus
669 4044 791 4096 horrent.
814 4045 887 4095 inter
904 4053 1024 4097 caeteros
1043 4054 1134 4097 autr‘m
1153 4056 1227 4100 cetos
1249 4050 1331 4101 ertit

248 4108 296 4179 qui
325 4109 405 4178 prion
424 4112 595 4181 appellatur:
614 4112 660 4165 hic
677 4116 701 4167 si
718 4116 808 4167 navim
828 4124 922 4168 cernat
941 4116 1001 4168 vela
1021 4116 1155 4186 pandere,
1172 4117 1225 4172 hoc
1243 4120 1331 4192 ipsum
