2646 4792
262 245 344 328 268
588 269 803 333 urcrusus
831 267 994 330 osseus

259 423 497 493 κατασκοπεόιυν
524 417 623 496 οὕτως
649 420 743 487 ἐνίκα.
797 425 890 487 τοῦτο
920 427 1006 484 ποιεί
1034 417 1089 483 κατ’
1116 421 1172 484 ἕπτ’
1182 425 1183 429 ’
1198 422 1273 506 τῇχ

258 520 425 608 Κανδάκη.
468 523 539 596 ἀλλ’
556 518 656 586 ἑάλω·
677 523 777 604 ε’κείνη
796 518 856 604 γὰρ
877 518 917 584 τό
936 515 1123 601 συστήματα
1148 517 1276 599 αότοόη

157 633 188 686 v.
202 623 364 687 ιιοθοῦσα
398 612 453 704 (ήν
472 620 532 704 γὰρ
557 618 613 685 τόν
638 623 698 701 μὲν
722 623 784 684 τοῖν
804 618 982 705 ὀφθαλμῶν
1000 614 1137 700 γλαυκός
1154 615 1209 681 τόν
1227 618 1262 682 δὲ

259 723 330 802 λος)
353 713 421 799 όίμα
441 723 486 808 τῷ
515 721 594 784 ἰδεῖν
614 717 712 784 ου’τόν
736 714 803 783 εἶπε
821 717 977 800 ,βασιλεῦ
989 712 1192 799 Ἀλέξανδρε,
1213 713 1265 779 τόν

184 811 190 816 ’
258 841 337 898 σμον
364 814 489 899 ἔλαβες,
526 820 581 882 καί
610 816 689 903 γυνή
709 841 745 883 σε
776 820 985 900 nuptialiter?
1025 811 1064 899 ἢν
1092 818 1149 879 καί
1167 812 1272 898 λοβόν

255 924 390 998 γυναῖκα
397 967 407 997 ,
427 921 481 981 καί
502 920 549 992 εἰς
566 916 731 1001 Αἴγυπτον
751 916 919 994 ἀπελθόν,
946 916 1003 980 καί
1019 912 1076 998 τήν
1092 911 1234 998 μεγάλην
1251 916 1276 980 ’Λ

181 1060 184 1067 ·
258 1015 426 1099 ξόνδρειοιν
459 1017 585 1098 κτίσας,
619 1017 675 1081 καί
698 1017 902 1100 ὑποστρέψας
929 1017 976 1090 εἰς
994 1016 1193 1094 Βαβυλῶνα,
1215 1019 1276 1077 τελε

164 1115 339 1201 Ρ.ι4αίτοῖν
365 1111 429 1195 λβ,
461 1112 583 1178 δυόδεκα
612 1119 667 1180 καί
697 1113 777 1197 μόνα
806 1113 966 1198 κρατήσας
994 1111 1066 1195 ἔτη,
1098 1111 1276 1197 φρονιμιότι

258 1210 381 1277 πόντων
401 1211 456 1276 καί
475 1213 703 1298 α’νδρειότατος.
755 1212 809 1279 διό
831 1211 892 1298 γόρ
913 1215 1005 1277 τοῦτο
1026 1211 1082 1275 καί
1101 1210 1224 1296 πτηνήν
1244 1205 1276 1273 αι

257 1309 449 1396 πάρδαλινό
477 1309 640 1398 προφήτης
669 1316 810 1399 προεῖδε,
837 1311 873 1378 τό
905 1311 1058 1396 ῥαγδαῖον
1091 1305 1192 1375 αότοῦ
1212 1308 1267 1372 καί

257 1412 446 1494 παριστῶσα
476 1408 532 1474 καί
559 1409 594 1474 τό
626 1406 718 1497 όφνω
738 1392 906 1497 διαστῆναι
933 1408 1011 1492 μετὰ
1036 1411 1198 1493 τροπαίων
1217 1407 1271 1492 τήν

257 1511 422 1593 καομένην.
472 1512 596 1592 λέγεται
621 1513 658 1575 δὲ
687 1507 735 1575 ότι
755 1515 811 1576 καί
837 1509 1012 1596 φιλοσόφου
1041 1502 1276 1591 τινόςήκουσεν

257 1604 367 1681 πόντος
384 1606 536 1693 ἀπείρους
557 1603 638 1674 εἶναι
657 1612 803 1692 κόσμους,
820 1611 876 1674 καί
888 1612 969 1692 μίγα
982 1605 1133 1686 στενάξας
1154 1605 1218 1694 ἔφη
1230 1609 1276 1688 „sl

259 1729 325 1791 ρων
343 1699 441 1770 όντων
468 1706 602 1790 μηδενὸς
632 1706 694 1792 ἐγώ
717 1707 921 1794 κεκρότηκα.”
966 1705 1048 1772 oilla¹
1071 1709 1127 1771 καί
1145 1707 1199 1771 ε’πί
1215 1730 1276 1789 omo

259 1801 339 1892 σόνη
363 1802 582 1888 ἐθαυμάζετο·
601 1806 659 1884 τός
680 1806 741 1892 γὰρ
763 1807 901 1893 Δαρείου
923 1810 1101 1891 θυγατέρας
1122 1804 1276 1888 αἰχμαλιόι

261 1901 421 1989 κρατήσας
440 1905 516 1970 odos
537 1907 616 1972 ἰδεῖν
635 1909 807 1991 η’νὲσχετο,
835 1909 973 1990 stupende
993 1900 1074 1969 εἶναι
1094 1903 1193 1970 εἰπών
1218 1902 1267 1970 τόν

233 2006 343 2087 ῃδρας
368 2007 569 2091 κρατήσαντα
602 2002 662 2070 sind
692 2011 847 2091 γυναικῶν
878 2007 1082 2089 κρατηθῆναι
1132 2003 1276 2077 ὥσαότυς

262 2109 318 2170 καί
339 2103 393 2171 ε’πί
422 2110 594 2195 φιλοσοφίᾳ
623 2110 676 2171 καί
693 2109 858 2195 τίγχινοίρ·
907 2107 951 2193 τῷ
973 2102 1033 2189 γὰρ
1052 2104 1262 2186 Ἀριστοτέλει

264 2203 491 2289 ρηκολοόθησε.
545 2203 793 2285 πολεμικώτατος
820 2203 934 2269 δὲκαὶ
960 2205 1192 2287 τολμηρότατος
1212 2195 1269 2282 ὧν,

263 2304 341 2368 ἰδών
360 2294 527 2384 όμοόνυμον
547 2303 635 2390 ον’τηῖ
656 2306 814 2367 νεανίσκον
833 2300 900 2367 τινόι
916 2306 1027 2377 δειλῶς
1040 2300 1240 2384 μαχόμενον,
1260 2324 1276 2363 ε,

264 2397 306 2485 ,μή
324 2399 381 2468 τόν
403 2398 520 2487 τρόπον
541 2394 715 2485 όλλαξονή
737 2401 792 2484 τήν
810 2404 949 2485 κλήσιν.”

264 2664 300 2715 tis
317 2662 427 2715 victoria
444 2662 519 2714 facili
536 2662 698 2732 potiebatur.
722 2662 816 2716 eadem
843 2668 900 2714 arte
919 2662 1062 2714 Candacen
1079 2661 1190 2713 viduam
1209 2676 1276 2729 sggrs

264 2751 309 2785 rus
333 2734 499 2804 interceptus
526 2742 583 2785 est:
603 2735 672 2785 'narn
696 2738 756 2785 cum
774 2750 805 2784 eu
831 2742 908 2785 notus
926 2734 1009 2802 ipsius
1034 2731 1191 2802 indiciaque
1213 2740 1276 2783 natu

263 2805 444 2875 percepisset,
462 2804 537 2875 quod
555 2805 623 2857 niter
644 2805 749 2856 scilicet
767 2804 861 2856 oculus
874 2805 900 2854 ei
919 2804 1059 2854 caeruleus
1080 2804 1153 2854 ulter
1172 2804 1276 2870 nigore

263 2876 377 2926 simulac
395 2892 456 2927 eum
478 2876 578 2927 intuita
599 2883 653 2940 est,
672 2875 742 2926 dixit
758 2874 906 2938 ‚mundum
927 2882 955 2924 tu
973 2874 1098 2943 quidem,
1117 2890 1165 2924 res
1184 2875 1276 2924 stem

262 2948 419 3014 occupasti,
439 2954 468 2998 st
485 2956 513 2998 te
529 2946 627 2998 mulier
644 2954 724 3015 cepit.
762 2953 843 3014 igitur
860 2945 910 2996 hac
926 2961 1010 2995 uxore
1029 2943 1127 3007 ducta,
1149 2945 1179 2995 in
1197 2945 1276 3012 Aegyp

262 3016 397 3084 profectus
415 3034 535 3086 magnam
555 3018 631 3068 illam
643 3015 831 3068 Alexandriam
850 3014 980 3067 condidit
995 3014 1060 3066 iude
1073 3015 1241 3081 Babylonem
1258 3032 1276 3063 τι

262 3101 315 3148 sus,
335 3103 419 3137 annos
437 3088 491 3139 iam
511 3089 544 3138 32
563 3096 651 3151 natus,
668 3086 748 3138 rebus
766 3086 890 3138 humanis
907 3085 1022 3148 excedit,
1040 3102 1100 3136 cum
1119 3084 1267 3136 duodecim

262 3164 319 3206 tum
335 3162 418 3207 annos
447 3159 620 3226 imperasset,
648 3158 689 3208 vir
705 3156 779 3209 haud
797 3156 880 3208 dubie
902 3157 1115 3225 sapientissimus
1134 3173 1167 3206 ac
1186 3156 1276 3207 fortiss

261 3227 389 3277 omnium.
410 3227 505 3278 iccirco
529 3236 602 3279 vates
622 3244 683 3279 eum
701 3244 730 3279 se
748 3229 918 3298 conspexisse
943 3226 1028 3279 tradit
1044 3229 1073 3277 in
1090 3226 1209 3278 volucris
1228 3243 1276 3296 par

261 3295 304 3348 dis
323 3298 428 3365 specie,
445 3297 537 3349 volens
557 3297 609 3349 hoc
628 3306 706 3366 pacto
726 3300 857 3368 impetum
875 3307 903 3350 et
925 3299 1093 3350 celeritatem
1111 3299 1199 3366 ipsius
1220 3305 1276 3349 oste

261 3384 307 3430 re,
328 3367 458 3438 quodque
481 3367 570 3419 subito
596 3368 716 3420 victoriis
735 3370 790 3421 suis
820 3368 911 3421 orbem
929 3378 1058 3422 terrarum
1077 3369 1266 3436 pervolaverit.

260 3437 358 3490 hibent
374 3438 522 3508 aliquando
539 3455 600 3489 eum
618 3439 783 3492 inaudivisse
807 3440 842 3491 de
868 3439 1030 3509 philosopho
1048 3437 1184 3509 qirodam,
1202 3440 1251 3507 qui
1267 3455 1276 3487 1

259 3509 308 3561 dos
328 3510 448 3562 infinitos
469 3524 527 3562 esse
544 3508 654 3563 diceret.
674 3518 731 3561 tuus
748 3527 811 3562 vero
826 3511 926 3579 gemitu
944 3510 1048 3578 ingenti
1069 3508 1145 3560 edito
1172 3509 1276 3572 „itaue’¹

260 3581 381 3644 „infiniti
408 3589 487 3645 sunt,
513 3598 574 3631 cum
591 3596 639 3647 ego
658 3597 692 3631 ne
713 3598 796 3634 unum
821 3581 931 3651 quidem
952 3581 1041 3632 adhuc
1059 3579 1276 3631 devicerim?'’s

258 3651 407 3720 pudicitiae
434 3651 619 3722 castitatisque
649 3653 757 3703 nomine
782 3669 903 3721 magnam
932 3651 1040 3702 laudem
1069 3652 1177 3702 meruit
1196 3667 1276 3699 cumr

259 3722 379 3790 captivas
395 3724 470 3775 Dnrii
488 3724 558 3775 filias
577 3738 625 3773 sua
643 3723 672 3773 in
690 3730 824 3791 potestate
842 3722 972 3784 haberet,
993 3738 1029 3772 ne
1047 3722 1149 3772 intueri
1170 3719 1276 3788 quidem

258 3793 361 3856 voluit,
388 3795 462 3863 quod
488 3809 657 3864 nequaquam
676 3792 773 3844 decere
799 3792 902 3845 diceret
920 3809 981 3843 eum
1001 3793 1047 3862 qui
1063 3793 1135 3843 viros
1155 3790 1276 3841 devicisse

258 3862 418 3915 mulieribus
438 3865 520 3918 vinci.
537 3881 593 3916 non
614 3864 702 3915 minus
721 3881 753 3915 ex
776 3862 950 3933 philosophia
975 3871 1003 3914 et
1022 3863 1146 3913 acumine
1164 3861 1263 3929 ingenii

259 3929 301 3981 dis
324 3933 437 4001 adeptus
466 3944 519 3998 est,
550 3944 582 3986 ut
608 3936 655 4003 qui
676 3935 847 3987 Aristotelem
877 3934 1032 3986 audivisset.
1050 3947 1165 4001 cumque
1184 3932 1213 3981 in
1230 3945 1273 3998 prs

259 4003 483 4056 concitatissimos
507 4013 535 4057 et
563 4005 753 4056 audacissimus
781 4014 869 4066 esset,
897 4004 967 4057 sorte
991 4005 1163 4072 conspicatus
1192 4001 1276 4069 aliqua

259 4071 393 4140 quendam
413 4074 610 4126 adolescentem
632 4076 684 4126 sibi
703 4078 897 4142 cognominem,
918 4076 965 4146 qui
985 4074 1090 4143 trepide
1112 4078 1253 4142 pugnaret,
1272 4103 1276 4121 .

259 4140 397 4194 indolens”
414 4145 505 4214 inquit
525 4154 570 4209 „et
591 4146 708 4196 animum
727 4146 798 4197 hunc
822 4154 942 4210 mutato,
960 4144 1003 4197 rel
1023 4144 1148 4197 nomen.’'

490 4396 505 4438 t
