2662 4794
319 293 532 360 suuacrurs
560 299 663 363 rans
692 301 748 361 ur.
783 288 786 292 ’
971 272 1059 386 389

46 439 181 524 ἀστέρος
201 441 241 505 ού
256 447 376 529 μικροῖς
397 444 616 532 ἀμφιβάλλεις,
633 447 673 534 τή
692 447 857 538 παραδόξῳ
876 471 911 514 τι
930 450 1060 535 κινήσιι,

46 540 144 624 πύσει,
157 547 196 630 τῇ
211 544 383 631 ύποκρυβῇ,
395 546 432 632 τῇ
450 549 505 630 ἀφ’
517 544 624 627 ύψους
640 546 881 630 συγκαταβάσει,
896 548 952 615 καί
962 549 1062 615 πᾶσιν

46 645 83 715 sie
103 653 169 717 τοῖς
188 639 353 718 τοιούτοις.
394 643 475 708 α’λλύ
490 644 535 728 μή
557 648 614 710 ἐπὶ
630 647 723 711 πλέον
744 648 944 732 α’μῳιλλαλλε·
984 646 1062 713 eddi

64 736 79 802 ὃ
101 744 240 818 τοιοῦτος
258 741 360 826 αότήρ
385 737 431 819 οἷς
452 741 605 826 ἐτύγχανε
625 748 687 808 τοῖν
705 750 845 829 πολλῶν,
867 745 924 822 sale
946 744 963 812 ὅ
984 745 1062 823 θεὸς

46 837 285 925 ιγλοτερτιύματι
309 846 376 906 κατ’
397 841 501 925 α’ρχύς
521 840 623 919 ἔθετο,
647 841 727 908 α’λλύ
748 844 880 926 δύναμίς
897 870 945 922 τις
961 845 1064 929 ἀόρα-

49 931 103 1020 ήν,
124 941 171 1016 εἰς
189 935 307 1024 ταύτην
325 945 661 1025 μετασχηματισθεϊσα
684 940 743 1027 τήν
765 935 857 1025 ὄψιν,
879 944 923 1020 οἷς
942 944 960 1008 ύ
979 969 1063 1027 χρυ-

46 1035 145 1122 οήμιον
172 1038 321 1123 Ἰωάννης
348 1041 453 1126 φησίν.
496 1037 561 1105 ἔδει
581 1044 641 1125 γὰρ
661 1043 717 1105 κατ’
734 1041 788 1106 e’ui
806 1043 975 1132 παραδόξῳ
996 1065 1063 1108 τοι.

46 1136 218 1221 ηγτννήσει
244 1136 301 1202 κατ’
326 1140 505 1223 παράδοξον
533 1139 652 1223 οἷστὲρα
680 1143 827 1223 γενέσθαι
845 1142 985 1227 μηνυτήν
1007 1146 1064 1209 κατ’

46 1235 184 1319 ύγγιλον,
213 1232 257 1313 ιύς
289 1237 307 1300 ὅ
334 1235 500 1313 θειότατός
531 1263 611 1325 φησι
631 1236 815 1323 Κύριλλος·
870 1245 901 1307 εἰ
929 1241 973 1326 μή
1000 1240 1161 1328 eripuere

46 1359 70 1399 ὀ
97 1328 155 1419 ήν,
186 1337 244 1400 ου’τι
264 1331 303 1402 ds
333 1340 388 1402 ἐπι·
415 1344 564 1404 τοσούτου
588 1338 736 1425 ἔφαινεν,
766 1341 823 1404 ούκ
845 1335 885 1406 sir
905 1344 939 1407 dv
962 1343 1065 1431 ήμὲρρ

46 1434 286 1520 ητύς-ήλιακύς
316 1438 442 1513 α’κτῖνας
469 1437 720 1522 ύπερηκύντιζιν.
770 1443 802 1505 εἰ
819 1438 864 1524 μή
886 1444 981 1505 τούτο
1002 1432 1063 1526 ήν,

55 1527 95 1599 uls
116 1532 223 1599 ἔπεισι
247 1533 321 1611 τούς
341 1533 478 1618 Μάγους
509 1540 629 1602 ἐκεῖθεν
647 1539 818 1626 λγερθήυαι
839 1542 895 1603 κατ’
911 1539 1065 1626 τοσαύτην

46 1638 276 1718 ιστοιλαοθαι,
306 1636 363 1700 ούκ
398 1630 437 1701 ἂν
461 1631 544 1702 ούτω
565 1641 755 1716 θαυμασίως
785 1640 829 1715 εἰς
852 1638 1065 1724 Ἱεροσόλυμα

46 1755 108 1813 γον,
132 1735 190 1798 osis
211 1729 253 1799 ύν
272 1736 306 1812 ἐξ
331 1731 439 1816 ύψους
466 1736 670 1820 συγκαταβὰς
697 1735 804 1803 ἐπαίνου
823 1743 882 1803 τοῦ
900 1743 1065 1820 τεχθέντος

46 1836 218 1916 praediun,
249 1836 307 1900 ούκ
333 1830 375 1898 ἂν
398 1827 535 1921 ύςοαντος
562 1834 642 1917 μετὰ
663 1839 764 1901 ταύτα
783 1839 913 1920 ἐγένετο.
955 1835 1063 1918 ἑπειιλή

62 1931 263 2018 ὁδηγούμενοι
282 1936 359 2018 παρ’
382 1936 486 1999 αύτοῦ
513 1933 772 2020 προσεληλύθασι
794 1939 840 2024 τῷ
860 1938 992 2023 Χριστῷ
1011 1933 1068 2000 κατ’

46 2035 105 2097 κατ’
126 2033 226 2097 αύτὸν
244 2027 385 2098 α’πλανεῖ
403 2033 507 2098 πύστει
527 2033 673 2119 γεγόνασι
691 2031 834 2115 κάτοχοι,
854 2037 1066 2117 χειραγιογιάς

46 2134 80 2196 ἑτι
100 2130 250 2218 τοιαύτης
279 2130 415 2199 ἐδέοντο.
466 2129 558 2198 ἔνθεν
576 2157 626 2199 τοι
647 2133 702 2199 κατ’
721 2137 787 2199 κατ’
808 2126 887 2216 ὄναρ
906 2157 1065 2216 χρηματι-

46 2253 105 2319 nee
127 2233 169 2296 δι’
189 2227 286 2316 ἄλλης
301 2228 380 2296 sidoni
398 2229 606 2318 ἀνεχώρησαν
627 2235 674 2309 εἰς
694 2230 751 2317 τήν
769 2232 881 2317 χώραν
902 2227 1018 2301 αύτιύν.
1072 2246 1092 2298 Β

61 2330 153 2415 Πρὸς
172 2331 293 2408 τούτοις
307 2335 355 2414 δέ,
376 2334 525 2418 α’γαπητέ,
544 2329 603 2417 τήν
621 2335 679 2397 τοῦ
698 2335 733 2398 ἕν
746 2335 930 2420 Βουλγαριζτ
951 2324 1063 2414 οἷρχιε·

46 2428 132 2494 τύπου
154 2431 298 2515 ἐξήγησιν
315 2434 387 2497 's'ni‘
407 2435 509 2514 μέσου
535 2430 706 2516 παράγεις,
729 2433 913 2515 Ικιῖντιύθιν
935 2432 1063 2512 διισχυ-

46 2528 109 2617 ημή
128 2532 163 2597 ἐν
182 2530 271 2616 αύτῷ
285 2533 329 2620 τῷ
350 2534 491 2619 σπηλαιήι
515 2533 583 2596 αλλ’
603 2534 638 2598 ὲν
658 2535 741 2619 οἰκίην
760 2534 906 2615 γενέσθαι
925 2529 990 2595 τινὶ
1008 2527 1065 2613 τήν

53 2835 145 2889 parom
164 2819 317 2888 ambigere,
342 2821 459 2890 quaein
480 2819 537 2872 'hac
559 2820 638 2873 stella
665 2818 861 2872 consideranda
889 2820 1018 2884 veniunt3
1034 2824 1064 2871 et

46 2891 108 2942 imis
128 2889 253 2942 admirari
273 2900 376 2943 motum
394 2908 493 2943 novum
528 2909 559 2944 ac
577 2893 753 2957 inusitatum,
776 2891 996 2953 institutionem,
1016 2906 1063 2941 oc-

46 2963 171 3026 stionem‚
189 2962 224 3013 de
243 2962 351 3013 sublimi
370 2962 544 3026 descensum,
561 2963 671 3084 aliasppe
688 2964 762 3014 talia.
780 2978 874 3013 rerum
892 2962 960 3013 haec
977 2959 1065 3013 nolim

50 3033 160 3084 nimium
179 3034 281 3100 negotii
300 3034 441 3084 facessere.
458 3050 514 3084 non
535 3035 606 3084 enim
645 3049 693 3084 aec
710 3033 790 3085 stella
807 3032 841 3083 de
862 3033 970 3084 illorum
988 3030 1064 3083 side-

59 3120 176 3156 numero
188 3105 255 3165 suit,
281 3121 352 3172 quae
372 3104 452 3154 initio
472 3119 559 3154 rerum
578 3104 645 3155 dens
663 3104 693 3155 in
710 3105 879 3155 firmamento
900 3103 1064 3164 collocavit,

47 3181 164 3241 potestas
193 3173 326 3243 quaedam
354 3173 589 3242 inadspectabilis,
618 3176 646 3226 in
664 3173 819 3225 huiusmodi
838 3175 955 3242 speciem
974 3183 1065 3226 trans-2

46 3252 106 3305 nas,
126 3244 353 3313 quemadmodum
376 3244 510 3297 lohannes
532 3246 737 3312 Chrysostomus
760 3246 807 3296 ait.
829 3245 973 3313 oportebat
990 3245 1064 3295 enim

46 3316 169 3367 ¹atiritate
188 3316 342 3366 admirabili
360 3325 389 3368 et
408 3316 537 3366 inusitata
555 3318 636 3367 etiarn
655 3316 763 3368 stellam
780 3333 876 3366 novam
898 3334 928 3366 ac
948 3315 1065 3366 inusita-

55 3386 139 3449 oriri,
158 3402 228 3456 quae
246 3385 330 3437 index
348 3395 419 3437 esset
436 3403 467 3436 ac
484 3390 663 3454 praenuntia,
685 3387 764 3438 sicuti
784 3387 892 3438 divinus
910 3386 958 3436 ille
976 3385 1066 3450 Cyril·

46 3455 169 3525 loquitur.
186 3474 247 3506 nam
269 3456 371 3526 absque
396 3456 445 3507 illo
464 3456 550 3519 soret,
579 3475 634 3508 non
654 3466 759 3509 tantum
778 3458 846 3508 lucis
865 3466 893 3508 et
910 3454 1066 3524 splendoris

46 3527 133 3590 risset,
160 3544 215 3578 uon
233 3527 323 3578 medio
343 3525 388 3577 die
406 3526 496 3578 radios
520 3527 620 3578 solares
641 3535 808 3596 superasset,
826 3544 880 3578 non
899 3526 984 3594 Magis
1002 3541 1065 3594 per-

46 3596 108 3650 isset
130 3605 161 3649 ut
178 3615 193 3648 e
210 3599 297 3666 patria
328 3597 444 3666 proiecti
471 3605 576 3649 tanturn
599 3598 705 3649 itineris
729 3597 914 3665 susciperent,
944 3612 999 3647 non
1017 3610 1065 3646 eos
1164 3651 1166 3654 ,

47 3684 62 3717 o
80 3676 133 3719 tam
151 3666 313 3719 admirabili⁴
326 3667 498 3737 perduxisset
513 3668 741 3735 Hierosolymam,
762 3685 817 3720 non
838 3682 871 3717 ex
891 3666 947 3718 olto
965 3681 996 3717 se
1014 3664 1064 3716 de-

46 3754 90 3790 ens
113 3756 193 3808 supra
221 3747 313 3790 natum
341 3737 473 3789 infantem
504 3739 685 3807 constitisset,
709 3753 764 3788 non
790 3736 919 3805 deinceps
946 3736 1088 3804 conspici‘

46 3809 114 3861 isset
137 3818 312 3880 posteaquam
338 3810 411 3860 enirn
439 3809 473 3860 ab
491 3823 531 3859 sea
548 3811 623 3863 ducti
648 3809 683 3859 ad
700 3808 835 3870 Christum
854 3815 1020 3858 accesserant
1036 3813 1067 3858 et

63 3881 138 3931 illum
163 3879 217 3930 lide
243 3879 360 3948 amplexi
385 3879 510 3941 inerant,
535 3896 592 3930 non
612 3879 664 3932 iam
686 3877 801 3946 amplius
820 3876 953 3928 eiusmodi
971 3893 1067 3928 menri.

46 3950 117 4002 ionis
142 3950 266 4017 egebant.
294 3949 411 4019 ideoque
437 3948 547 4002 oraculo
570 3965 620 4019 per
645 3949 766 4018 quietem
787 3946 923 4000 admoniti
953 3948 1007 4001 alia
1023 3947 1068 4000 via

46 4037 58 4070 ο
74 4023 103 4072 in
121 4022 234 4089 patriam
254 4029 319 4072 sunt
336 4021 444 4071 reversi.

52 4091 180 4143 Fortassis
205 4099 315 4154 autem,
347 4089 448 4143 dilecte
467 4089 522 4151 lili,
552 4088 693 4156 Brslgariae
710 4087 849 4156 pontificis
870 4089 1070 4141 enarrationem

46 4161 150 4216 aedium
168 4162 301 4233 prolatam
322 4161 402 4215 nobis
419 4177 556 4234 oppones,
574 4168 654 4214 etex
682 4175 715 4211 ea
732 4158 863 4230 probabis
880 4178 936 4215 uon
952 4161 982 4213 in
1006 4175 1070 4231 spe·
