2766 4800
217 992 456 1071 IOHANNIS
484 993 825 1080 LEWNKLAVII,
853 997 1155 1086 AMELBURNI,

343 1164 391 1216 aa
411 1163 621 1217 onanaosnn
642 1166 689 1218 nr
707 1167 900 1220 rnusrnnn
918 1169 1031 1223 naon

189 1314 483 1386 IOHANNEM
513 1318 765 1388 BARONEM
793 1322 1177 1408 KITLICIANUM,

380 1481 499 1535 caanu
515 1483 559 1535 uc
576 1484 794 1538 nannetum
813 1487 985 1541 nonnum

307 1632 354 1694 lli
377 1633 588 1695 ANNALES
617 1634 811 1723 GLY'CAE
837 1636 1055 1698 Lamos

495 1793 872 1892 rnoonnmn.

569 2011 804 2027 m—-n-

50 2276 53 2285 .
134 2188 203 2282 Rs
220 2222 254 2282 in
273 2220 389 2282 familia
411 2221 547 2284 Caesaris
568 2221 689 2300 nostri,
710 2219 864 2304 Domine,
885 2221 936 2284 vir
956 2228 1112 2306 praestans
1134 2221 1222 2305 inge.

134 2321 211 2399 nio,
232 2322 416 2404 cognitionis
441 2323 607 2402 varietate,
637 2344 742 2385 rerum
765 2344 838 2402 usu,
860 2331 892 2384 et
910 2322 1027 2386 virtute
1048 2344 1223 2406 propemo-

134 2417 212 2480 dum
242 2421 412 2504 singulari,
443 2424 611 2485 sambucus
640 2423 692 2485 ille
711 2445 813 2497 meum
847 2424 933 2486 ouius
962 2446 1019 2508 ego
1040 2425 1222 2509 frequenter

133 2519 219 2604 apud
238 2523 372 2601 amicos,
399 2531 430 2585 et
456 2523 588 2598 ineunda
617 2523 760 2607 quidem,
788 2524 948 2587 recordari
974 2525 1070 2588 soleo.
1092 2548 1163 2586 nam
1183 2527 1220 2589 iis

132 2621 266 2701 dotibus,
286 2645 381 2706 supra
400 2625 575 2708 complures
596 2623 687 2686 huius
704 2625 809 2688 aetatis
822 2647 857 2688 ex
876 2624 1019 2686 doctrina
1040 2626 1138 2687 claros
1156 2625 1219 2688 ho.

130 2725 249 2801 mines,
280 2722 425 2785 divinitus
454 2733 498 2787 est
525 2728 705 2804 exornatus,
739 2734 775 2787 ut
803 2726 885 2788 inter
912 2747 968 2788 nos
990 2726 1051 2787 iam
1072 2726 1110 2786 ab
1132 2726 1218 2788 annis

129 2823 253 2907 aliquot
272 2825 440 2888 amicitiam
476 2848 539 2888 non
560 2825 718 2909 vulgarem
749 2826 855 2889 civisse
876 2847 939 2903 non
959 2826 1115 2895 exanimo
1139 2846 1218 2907 gau..

129 2922 361 3000 (immolam,
382 2946 491 2988 verum
513 2927 605 2988 etiam
622 2928 654 2987 in
682 2927 783 3011 aliqua
803 2927 956 2989 felicitatis
977 2935 1067 3009 parte
1086 2947 1215 3010 ponam.

129 3045 192 3085 eur
213 3023 294 3086 enirn
313 3024 400 3088 illum
421 3025 578 3088 hominem
597 3049 661 3089 non
684 3028 808 3088 maximi
828 3027 954 3105 faciam,
979 3029 1033 3111 qui
1053 3028 1217 3112 publicatis

114 3124 264 3206 ‘egregiis
282 3125 397 3209 ingenii
416 3128 644 3205 monumentis,
672 3113 858 3190 emlalematis
887 3129 1019 3190 solerter
1039 3129 1218 3211 excogitatis

128 3234 164 3286 et
182 3246 242 3306 per
262 3235 371 3309 arguta
387 3227 537 3310 quaedum
559 3226 663 3311 idyllia
683 3226 852 3306 declaratis,
874 3227 1060 3290 Dioscorida
1079 3237 1216 3312 purgato

127 3333 162 3386 et
185 3324 354 3404 illustrato,
380 3328 565 3413 ranetatum
588 3327 673 3390 libris
693 3349 757 3395 non
779 3328 836 3390 illis
850 3327 976 3412 quidem
998 3328 1098 3392 adhuc
1115 3327 1215 3408 editis,

125 3421 182 3486 sed
202 3446 258 3487 sno
279 3435 383 3492 tamen
399 3436 541 3511 tempore
560 3428 774 3511 proferendis,
795 3440 899 3490 omnes
918 3429 950 3489 in
975 3414 1213 3493 admirationem

124 3525 176 3586 sni
197 3527 301 3608 rapitl
333 3550 373 3591 ne
396 3526 496 3590 dicam
516 3537 666 3612 quantam
688 3529 722 3590 in
742 3549 779 3590 eo
800 3528 898 3590 laudis
920 3537 1078 3591 mereatur
1092 3528 1214 3613 'perve-

122 3625 283 3708 stigandae
304 3628 494 3714 antiquitatis
515 3627 696 3692 indefessum
714 3650 786 3694 sane
804 3627 957 3706 studium,
980 3651 1043 3713 qno
1064 3651 1128 3690 non
1147 3628 1214 3693 sine

121 3727 243 3808 magnis
265 3728 407 3811 impensis
435 3738 485 3792 tot
504 3729 659 3792 rarissima
682 3729 856 3813 priscorum
878 3730 1061 3792 numismata
1077 3730 1212 3813 conqni.

105 3830 216 3907 aivis,
237 3837 286 3888 tot
306 3830 431 3893 eximios
464 3831 496 3894 in
527 3832 613 3893 omni
646 3829 878 3913 disciplinarum
908 3850 1021 3912 genere
1050 3828 1148 3892 libros
1168 3829 1208 3890 als

121 3931 256 3992 interitu
274 3929 459 4005 vindicavit;
480 3951 557 4015 qnos
577 3931 659 4015 ipsos
671 3929 803 3994 aliorum
818 3929 1016 4014 quorundam
1029 3926 1208 3992 invidorum

121 4049 215 4091 mora
233 4051 297 4091 non
316 4030 396 4092 intra
418 4051 556 4094 carceres
579 4040 611 4094 et
631 4039 716 4114 septa
731 4031 853 4113 privata
867 4039 1009 4111 coercet,
1030 4028 1082 4092 sed
1104 4028 1207 4092 animo

121 4130 264 4210 ammte,
287 4151 364 4216 quae
387 4132 446 4195 riri
467 4131 659 4219 perhumana
670 4133 841 4216 benignitas
863 4141 894 4198 ot
907 4129 1108 4196 memoranda
1127 4129 1208 4192 libe.
