2722 4800
259 235 341 320 126
366 338 368 348 Ι
585 258 800 349 uidimus
831 258 997 362 euroin

330 408 467 493 Ὄντως,
498 410 654 498 δγαπητέ,
682 412 717 479 τό
740 412 813 490 ἔθος
835 413 933 500 φύσις
953 414 1010 478 inl
1023 433 1086 482 τισι
1109 415 1241 496 γίνεται.
1282 408 1314 500 ιἰρ

253 510 316 598 γδρ
338 507 386 577 ότι
408 509 448 576 τοὶ
459 510 589 594 Λιβυκοὶ
610 517 711 598 θηρία
733 518 794 577 τοῦ
814 516 874 596 μὲν
892 519 1009 599 θέρους
1029 507 1069 576 οδ
1090 514 1182 596 πίνει,
1204 508 1258 578 dre
1279 541 1314 595 μι

254 620 348 678 λιστα
380 615 462 694 δίψα
491 615 626 695 γίνεται,
651 617 807 694 χειμῶνος
838 615 873 678 δὲ
896 615 1062 696 πίνουσιν,
1084 607 1159 704 όταν
1178 605 1314 697 ἧττονδ

254 715 355 793 ψῶσι.
405 715 499 776 τοῦτο
531 714 567 776 δὲ
585 715 705 794 γίνεται
725 711 848 788 πάντας
873 709 928 777 διό
950 710 984 777 τό
1005 709 1050 795 μή
1071 713 1221 796 γίνεσθαι
1240 709 1314 777 ὕδει

252 816 368 897 θέρους
396 813 430 877 έν
450 815 491 899 τῇ
511 810 632 898 Λιβύη.
684 816 742 877 τοῦ
762 815 796 898 δὲ
816 814 970 894 χειμῶνος
991 808 1045 875 διό
1065 809 1100 877 τό
1122 809 1270 895 γίνεσθαι
1289 839 1314 876 πι

225 922 312 976 Βνει.
357 909 376 976 δ
395 914 473 995 γοῦν
494 913 593 975 ἐκεῖσε
620 907 777 992 εἴθισται,
799 914 892 975 τοῦτο
922 913 978 974 καί
996 913 1031 976 έν
1051 903 1158 986 ἄλλοις
1177 912 1284 988 τόποις
1301 939 1314 974 τ

254 1014 322 1089 ζῶα
340 1015 443 1076 ταῦτα
465 1006 705 1096 παραγενόμενα
725 1009 821 1092 σοόζει
840 1006 877 1075 τό
894 1007 981 1087 ἔθος.
1024 1008 1080 1076 καί
1098 1011 1175 1097 περί
1191 1014 1252 1094 μὲν
1269 1034 1314 1076 τοι

252 1135 314 1176 ταν
336 1107 445 1186 οὕτως.

335 1207 434 1275 Μετὰ
462 1212 498 1276 δὲ
516 1212 637 1292 ταῦτα,
666 1201 764 1293 ἤγουν
787 1204 867 1291 μετόἱ
894 1204 951 1293 τὴν
980 1208 1043 1272 τῶν
1057 1209 1220 1294 χερσαίων
1238 1235 1314 1296 παρι

250 1311 372 1395 yonis,
394 1306 524 1375 πλάττει
540 1311 595 1376 τόν
617 1304 789 1394 ἄνθρωπον
809 1306 827 1374 ό
849 1307 943 1388 θεός,
965 1308 1020 1372 καί
1039 1309 1166 1394 τίθησιν
1189 1308 1288 1375 ου’τόν
1307 1337 1314 1376 ι

250 1415 294 1495 τῷ
314 1411 526 1497 παραδείσιμ
568 1404 648 1475 diii
671 1403 837 1473 κάνταῦθα
861 1406 1022 1491 πρόσχες,
1043 1407 1192 1492 ἄγαπητέ.
1235 1410 1314 1492 είγό

251 1511 307 1572 καί
324 1509 455 1591 λέγουσί
471 1531 552 1584 τινες
585 1504 738 1589 insumi
752 1505 811 1589 τήν
831 1502 970 1590 ἑβδόμην
992 1503 1093 1570 ἔκτισε
1114 1505 1169 1572 τόν
1187 1508 1314 1591 παρόδει

252 1630 310 1673 σον
332 1603 349 1671 ό
373 1603 464 1689 θεός,
482 1610 522 1693 τῇ
542 1609 706 1694 Μασαῖκῇ
739 1608 837 1688 δῆθεν
855 1603 978 1692 ἱστορίρι
998 1601 1145 1687 ἑπόμενοι
1152 1657 1162 1690 ,
1183 1605 1265 1672 died
1286 1634 1314 1673 πι

251 1705 436 1791 πλόνηνται-
460 1709 634 1792 προφανῶς
663 1702 719 1771 ὅτε
746 1704 785 1790 δη
808 1700 1041 1790 παροδευτικῶς
1063 1703 1269 1790 ἐπερχόμενοι
1289 1733 1314 1771 ιιι

223 1809 309 1870 Coris
333 1809 537 1890 ἑρευνητικαῑς
556 1803 613 1891 τη“ν
633 1802 768 1892 γραφήν.
810 1808 866 1870 καί
882 1802 976 1868 ἄκουε
997 1806 1034 1870 τί
1050 1829 1148 1891 φησιν
1167 1804 1185 1869 δ
1206 1808 1314 1891 θεόπτη

250 1909 378 1991 Μωσῆς
409 1908 486 1987 „uni
510 1909 712 1972 συνετέλεσεν
736 1903 754 1968 ό
776 1903 853 1981 θεός
875 1901 976 1969 πάντα
1002 1896 1063 1969 ὅσα
1084 1903 1229 1990 ἐποίησεν
1249 1909 1314 1972 ε’νι

251 2005 358 2092 ἡμέρᾳ
387 2009 428 2094 τῇ
460 2009 552 2094 ἕκτη·
608 2009 643 2070 ἐν
665 2009 700 2071 δὲ
722 2011 760 2095 τῇ
780 2001 899 2092 ἑβδόμη
922 2003 1117 2070 κατέπαυσεν
1135 2002 1199 2070 α’πό
1218 2003 1314 2070 πάντα

249 2107 314 2171 τῶν
343 2103 444 2189 ἔργων
472 2106 575 2170 αὐτοῦ
603 2097 649 2170 ὧν
675 2099 791 2190 ἤρξατο
818 2105 946 2168 ποιεῖν.”
995 2105 1112 2169 ου’κοῦν
1140 2105 1172 2169 εί
1188 2103 1269 2186 μετὰ
1287 2103 1314 2189 τι]

249 2200 389 2290 ἑβδόμην
409 2208 504 2271 ου’δὲν
524 2206 661 2269 ἀπὸτοῦ
680 2204 724 2288 μη
748 2196 836 2281 ὄντος
857 2204 903 2277 είς
915 2200 949 2267 τό
973 2197 1055 2268 εἶναι
1074 2202 1256 2288 παρήγαγε,
1277 2209 1314 2269 nd

250 2304 361 2369 λοιπόν
384 2303 484 2370 ἔκτισε
502 2303 584 2385 μετίι
605 2305 662 2387 τήν
682 2300 820 2388 ἑβδόμην
839 2300 890 2367 τόν
908 2300 1101 2387 παράδεισον
1108 2330 1119 2386 ,·
1141 2302 1223 2370 ἔοικε
1240 2308 1297 2386 μὲν

250 2400 360 2489 γραφη
382 2409 484 2488 λέγειν
504 2398 553 2466 ὅτι
576 2401 659 2484 μετὰ
681 2400 739 2485 τὴν
759 2397 899 2485 ἑβδόμην
930 2399 1069 2467 ἔκτισται
1088 2401 1105 2469 ὃ
1128 2404 1314 2488 παράδεισος

251 2503 322 2567 o'ii’
353 2504 412 2567 ου’κ
435 2499 502 2585 ἔχει
531 2503 586 2567 καί
603 2499 643 2568 τό
663 2506 724 2568 τοῦ
743 2503 880 2583 σκοποῦ,
904 2502 1014 2579 καθώς
1033 2498 1247 2570 ὑποπτεύουσι
1267 2509 1314 2567 ποί

321 2795 390 2848 Nam
408 2796 535 2849 animalia
554 2795 639 2862 mihi,
658 2811 774 2867 quaeso,
792 2795 891 2865 Libyca
905 2797 1030 2859 intuere,
1047 2811 1118 2866 quae
1135 2812 1184 2866 per
1201 2797 1314 2851 asstiter

251 2882 312 2918 cnm
329 2868 444 2920 maxime
461 2869 571 2931 sitiunt,
589 2884 604 2919 a
625 2877 693 2938 potu
711 2868 865 2931 abstinent,
885 2884 935 2938 per
952 2866 1082 2930 hiemem,
1102 2884 1163 2919 cum
1178 2868 1314 2930 sitiuntur

250 2955 320 3000 uus,
352 2938 462 2992 bibunt.
484 2939 514 2989 id
538 2955 598 2990 eam
625 2937 661 2990 ob
687 2955 797 3001 eausam
824 2941 934 2990 omuino
951 2937 1075 3008 accidit,
1095 2939 1170 3008 quod
1188 2939 1314 3010 Libyan

186 3047 188 3051 .
251 3015 382 3059 aestatem
411 3024 499 3078 aquae
526 3009 633 3061 laboret
662 3009 762 3078 inopia.
781 3018 948 3079 quapropter
964 3007 1080 3059 hiberno
1101 3017 1223 3079 tompore
1244 3029 1314 3081 aqua

250 3077 394 3141 hauriunt,
413 3096 475 3130 curn
494 3080 552 3131 eins
575 3080 679 3149 copiam
703 3079 814 3134 habent.
835 3096 951 3150 cumque
967 3080 1007 3131 sic
1025 3079 1059 3132 iis
1073 3080 1103 3131 in
1122 3080 1189 3132 loeis
1208 3081 1314 3133 adsuevi

251 3149 320 3210 rint,
339 3150 419 3200 etiarn
440 3148 475 3200 ad
494 3150 559 3201 aiias
577 3152 700 3220 regiones
720 3151 812 3203 delata
829 3168 931 3204 morem
949 3166 1027 3203 suum
1045 3152 1174 3204 retinent
1193 3169 1227 3204 ac
1245 3151 1280 3205 do
1298 3152 1314 3203 li

251 3217 362 3288 quidem
387 3219 527 3271 haetenus.

320 3290 462 3341 Caeterum
483 3297 545 3359 post
563 3290 720 3342 animalium
744 3291 912 3344 terrestrium
930 3292 1094 3345 creationem
1113 3292 1180 3344 dens
1201 3291 1313 3345 homine

250 3360 329 3433 fingit
347 3378 379 3412 ao
405 3362 435 3413 in
453 3360 580 3430 paradiso
608 3362 732 3414 collocat
750 3378 805 3431 quo
826 3362 880 3414 iam
897 3363 926 3415 in
944 3364 1005 3416 loco
1022 3364 1104 3414 veiim
1121 3365 1241 3416 animum
1259 3365 1314 3416 mit

152 3436 156 3443 '
250 3431 357 3484 delecte
377 3431 427 3495 fili,
454 3433 585 3484 advertas.
614 3434 735 3502 quamvis
762 3434 834 3484 enim
856 3433 954 3486 volunt
973 3435 1058 3503 aliqui
1076 3435 1157 3487 deum
1176 3443 1240 3504 post
1256 3446 1314 3505 sept

248 3519 322 3555 mum
352 3503 424 3555 diem
442 3502 595 3572 paradisum
624 3502 792 3567 condidisse,
821 3505 980 3575 profitentes
1005 3522 1034 3556 ιε
1052 3506 1188 3558 Mosaicae
1208 3505 1314 3558 historie

248 3576 368 3643 vestigiis
394 3573 545 3637 inhaerere,
571 3575 716 3626 manifesto
741 3584 831 3626 tamen
850 3583 957 3639 errant,
976 3583 1009 3627 nt
1025 3577 1073 3644 qui
1091 3577 1264 3641 transitorie,
1285 3594 1314 3628 n<

249 3644 372 3697 adhibita
393 3645 620 3715 pervestigatione
631 3647 808 3698 conveniente
827 3647 933 3699 litterae
953 3662 1041 3699 sacras
1059 3647 1208 3716 perlegant.
1226 3665 1258 3699 ao
1278 3649 1314 3700 vis

247 3715 315 3766 mihi
333 3716 400 3786 quid
430 3726 566 3787 spectator
592 3717 641 3769 ille
665 3716 711 3769 dei
737 3716 827 3769 Moses
857 3717 937 3769 dicat.
967 3716 1105 3780 „absolvit
1131 3718 1231 3782 deus,”
1249 3718 1314 3787 inqu

248 3784 328 3855 (Gen.
347 3803 363 3837 2
384 3788 426 3856 a),
444 3787 508 3851 „die
527 3797 603 3839 sexto
622 3798 718 3841 cuncta
738 3804 808 3857 quae
827 3789 944 3851 iecerat3
962 3787 1050 3840 nodie
1068 3791 1183 3859 septimo
1200 3788 1235 3841 ab
1253 3797 1314 3840 omn

247 3855 300 3906 hus
319 3857 462 3926 operibus,
489 3876 560 3929 quae
585 3859 689 3912 efficere
713 3869 853 3928 coeperat,
884 3859 1011 3929 quievit!
1030 3861 1126 3930 itaque
1144 3862 1168 3913 si
1187 3868 1250 3929 post
1267 3858 1314 3910 die

146 3958 151 3969 ›
248 3926 393 3995 septimum
410 3929 480 3980 nihii
497 3931 623 3994 omnino,
642 3929 715 4001 quod
734 3940 813 3982 antea
831 3947 886 3983 non
903 3930 1060 3993 exstitisset,
1079 3933 1108 3983 in
1127 3940 1215 3984 ortum
1236 3929 1314 4000 prodr

247 3996 307 4059 xit,
325 3998 373 4066 qni
390 4008 452 4066 port
480 3999 553 4051 diem
577 4002 721 4070 septimum
741 4000 895 4070 paradisum
916 3999 1059 4054 condidit?
1080 4001 1209 4055 videntur
1226 4001 1314 4071 quidet

249 4065 360 4118 litterae
379 4084 467 4119 sacrae
489 4069 541 4121 hoc
568 4072 649 4123 modo
676 4073 753 4143 ioqui
771 4091 803 4124 ae
820 4073 841 4123 si
864 4081 926 4141 post
946 4070 1017 4127 diem
1036 4074 1180 4142 septimum
1197 4071 1314 4141 paradiso

250 4136 376 4192 conditus
403 4138 503 4192 suerit:
531 4157 622 4195 rerum
640 4144 708 4195 eiius
728 4159 824 4215 scopus
848 4151 888 4196 est
908 4157 1015 4209 earum,
1036 4143 1070 4195 de
1089 4145 1207 4213 plurium
1226 4141 1314 4215 quidet
