<?xml version="1.0" encoding="UTF-8"?>
<!DOCTYPE html PUBLIC "-//W3C//DTD XHTML 1.0 Transitional//EN"
    "http://www.w3.org/TR/xhtml1/DTD/xhtml1-transitional.dtd">
<html xmlns="http://www.w3.org/1999/xhtml" xml:lang="en" lang="en">
 <head>
  <title>
</title>
<meta http-equiv="Content-Type" content="text/html;charset=utf-8" />
  <meta name='ocr-system' content='tesseract 3.04.00' />
  <meta name='ocr-capabilities' content='ocr_page ocr_carea ocr_par ocr_line ocrx_word'/>
</head>
<body>
  <div class='ocr_page' id='page_1' title='image "./michaelisglycae00glycgoog/michaelisglycae00glycgoog_0295.png"; bbox 0 0 2646 4792; ppageno 0'>
   <div class='ocr_carea' id='block_1_1' title="bbox 217 246 963 334">
    <p class='ocr_par' dir='ltr' id='par_1_1' title="bbox 217 246 963 334">
     <span class='ocr_line' id='line_1_1' title="bbox 217 246 963 334; baseline 0.005 -28"><span class='ocrx_word' id='word_1_1' title='bbox 217 252 298 334; x_wconf 67' lang='grc' dir='ltr'>την</span> <span class='ocrx_word' id='word_1_2' title='bbox 559 246 772 312; x_wconf 72' lang='lat' dir='ltr'>sistuanus</span> <span class='ocrx_word' id='word_1_3' title='bbox 801 247 963 312; x_wconf 70' lang='lat' dir='ltr'>crucan</span> 
     </span>
    </p>
   </div>
   <div class='ocr_carea' id='block_1_2' title="bbox 117 394 1306 2368">
    <p class='ocr_par' dir='ltr' id='par_1_2' title="bbox 117 394 1306 2368">
     <span class='ocr_line' id='line_1_2' title="bbox 216 394 1264 481; baseline -0.007 -15"><span class='ocrx_word' id='word_1_4' title='bbox 216 406 293 476; x_wconf 83' lang='grc' dir='ltr'><strong><em>λίως</em></strong></span> <span class='ocrx_word' id='word_1_5' title='bbox 325 401 539 480; x_wconf 72' lang='grc' dir='ltr'>διακειμένου,</span> <span class='ocrx_word' id='word_1_6' title='bbox 566 403 623 465; x_wconf 83' lang='grc' dir='ltr'><strong><em>τοῦ</em></strong></span> <span class='ocrx_word' id='word_1_7' title='bbox 640 400 755 465; x_wconf 81' lang='grc' dir='ltr'><strong><em>λάκκου</em></strong></span> <span class='ocrx_word' id='word_1_8' title='bbox 775 422 808 465; x_wconf 84' lang='grc' dir='ltr'>τε</span> <span class='ocrx_word' id='word_1_9' title='bbox 836 401 936 464; x_wconf 84' lang='grc' dir='ltr'><strong><em>ου’τόν</em></strong></span> <span class='ocrx_word' id='word_1_10' title='bbox 955 394 1122 481; x_wconf 80' lang='grc' dir='ltr'><strong><em>ἐξάγουσι,</em></strong></span> <span class='ocrx_word' id='word_1_11' title='bbox 1141 401 1190 463; x_wconf 78' lang='grc' dir='ltr'>καί</span> <span class='ocrx_word' id='word_1_12' title='bbox 1208 395 1264 461; x_wconf 76' lang='grc' dir='ltr'><strong><em>κατὰ</em></strong></span> 
     </span>
     <span class='ocr_line' id='line_1_3' title="bbox 215 495 1267 584; baseline -0.008 -18"><span class='ocrx_word' id='word_1_13' title='bbox 215 502 272 584; x_wconf 81' lang='grc' dir='ltr'><strong><em>την</em></strong></span> <span class='ocrx_word' id='word_1_14' title='bbox 292 502 350 564; x_wconf 76' lang='grc' dir='ltr'><strong><em>τοῦ</em></strong></span> <span class='ocrx_word' id='word_1_15' title='bbox 375 495 530 582; x_wconf 78' lang='grc' dir='ltr'><strong><em>’ίωσηπου</em></strong></span> <span class='ocrx_word' id='word_1_16' title='bbox 551 500 694 583; x_wconf 77' lang='grc' dir='ltr'><strong><em>ἱστορίαν</em></strong></span> <span class='ocrx_word' id='word_1_17' title='bbox 714 497 911 579; x_wconf 83' lang='grc' dir='ltr'><strong><em>εἴκοσιμνιόν</em></strong></span> <span class='ocrx_word' id='word_1_18' title='bbox 932 508 996 573; x_wconf 81' lang='grc' dir='ltr'><strong><em>τοῖς</em></strong></span> <span class='ocrx_word' id='word_1_19' title='bbox 1016 495 1165 581; x_wconf 78' lang='grc' dir='ltr'><strong><em>ἐμπόροις</em></strong></span> <span class='ocrx_word' id='word_1_20' title='bbox 1183 497 1267 560; x_wconf 77' lang='lat' dir='ltr'>drudr-</span> 
     </span>
     <span class='ocr_line' id='line_1_4' title="bbox 217 593 1269 682; baseline -0.005 -18"><span class='ocrx_word' id='word_1_21' title='bbox 217 598 321 664; x_wconf 78' lang='grc' dir='ltr'><strong><em>όόασι.</em></strong></span> <span class='ocrx_word' id='word_1_22' title='bbox 378 596 458 679; x_wconf 88' lang='grc' dir='ltr'><strong><em>μετά</em></strong></span> <span class='ocrx_word' id='word_1_23' title='bbox 488 601 643 665; x_wconf 79' lang='grc' dir='ltr'><strong><em>δὲταῦτα</em></strong></span> <span class='ocrx_word' id='word_1_24' title='bbox 664 597 743 682; x_wconf 86' lang='grc' dir='ltr'><strong><em>πρός</em></strong></span> <span class='ocrx_word' id='word_1_25' title='bbox 764 596 817 663; x_wconf 91' lang='grc' dir='ltr'><strong><em>τόν</em></strong></span> <span class='ocrx_word' id='word_1_26' title='bbox 837 602 958 682; x_wconf 86' lang='grc' dir='ltr'><strong><em>πατέρα</em></strong></span> <span class='ocrx_word' id='word_1_27' title='bbox 979 600 1216 679; x_wconf 80' lang='grc' dir='ltr'><strong><em>ἐπιστρέψαντες</em></strong></span> <span class='ocrx_word' id='word_1_28' title='bbox 1232 593 1269 659; x_wconf 83' lang='grc' dir='ltr'><strong><em>τόν</em></strong></span> 
     </span>
     <span class='ocr_line' id='line_1_5' title="bbox 216 693 1271 782; baseline -0.005 -21"><span class='ocrx_word' id='word_1_29' title='bbox 216 701 274 779; x_wconf 80' lang='grc' dir='ltr'>μέν</span> <span class='ocrx_word' id='word_1_30' title='bbox 297 693 417 781; x_wconf 77' lang='grc' dir='ltr'><strong><em>Ἰωσηφ</em></strong></span> <span class='ocrx_word' id='word_1_31' title='bbox 440 693 544 780; x_wconf 73' lang='grc' dir='ltr'><strong><em>ἔλεγον</em></strong></span> <span class='ocrx_word' id='word_1_32' title='bbox 563 696 609 782; x_wconf 78' lang='grc' dir='ltr'>μη</span> <span class='ocrx_word' id='word_1_33' title='bbox 632 699 724 779; x_wconf 71' lang='lat' dir='ltr'>idria,</span> <span class='ocrx_word' id='word_1_34' title='bbox 752 699 873 780; x_wconf 74' lang='grc' dir='ltr'><strong><em>χιτῶνα</em></strong></span> <span class='ocrx_word' id='word_1_35' title='bbox 897 699 933 761; x_wconf 81' lang='grc' dir='ltr'>δὲ</span> <span class='ocrx_word' id='word_1_36' title='bbox 953 699 1068 761; x_wconf 89' lang='grc' dir='ltr'><strong><em>τοότου</em></strong></span> <span class='ocrx_word' id='word_1_37' title='bbox 1091 695 1271 781; x_wconf 72' lang='grc' dir='ltr'><strong><em>εόρεῖνῄμα-</em></strong></span> 
     </span>
     <span class='ocr_line' id='line_1_6' title="bbox 213 791 1271 881; baseline -0.006 -21"><span class='ocrx_word' id='word_1_38' title='bbox 213 800 330 881; x_wconf 84' lang='grc' dir='ltr'><strong><em>γμένον</em></strong></span> <span class='ocrx_word' id='word_1_39' title='bbox 349 798 405 859; x_wconf 83' lang='grc' dir='ltr'><strong><em>καί</em></strong></span> <span class='ocrx_word' id='word_1_40' title='bbox 424 797 642 877; x_wconf 76' lang='grc' dir='ltr'><strong><em>λελακισμένον</em></strong></span> <span class='ocrx_word' id='word_1_41' title='bbox 648 846 659 877; x_wconf 89' lang='grc'><strong><em>,</em></strong></span> <span class='ocrx_word' id='word_1_42' title='bbox 682 795 726 871; x_wconf 79' lang='grc' dir='ltr'><strong><em>τός</em></strong></span> <span class='ocrx_word' id='word_1_43' title='bbox 743 798 889 862; x_wconf 70' lang='grc' dir='ltr'><strong><em>ἐντεῦθεν</em></strong></span> <span class='ocrx_word' id='word_1_44' title='bbox 908 793 1061 859; x_wconf 81' lang='grc' dir='ltr'><strong><em>όιτόνοιαν</em></strong></span> <span class='ocrx_word' id='word_1_45' title='bbox 1074 795 1158 879; x_wconf 77' lang='grc' dir='ltr'><strong><em>τάχα</em></strong></span> <span class='ocrx_word' id='word_1_46' title='bbox 1176 791 1271 858; x_wconf 62' lang='lat' dir='ltr'>entim</span> 
     </span>
     <span class='ocr_line' id='line_1_7' title="bbox 217 887 1273 980; baseline -0.004 -22"><span class='ocrx_word' id='word_1_47' title='bbox 217 895 304 978; x_wconf 84' lang='grc' dir='ltr'><strong><em>παρά</em></strong></span> <span class='ocrx_word' id='word_1_48' title='bbox 337 898 460 980; x_wconf 70' lang='grc' dir='ltr'><strong><em>θηρίων</em></strong></span> <span class='ocrx_word' id='word_1_49' title='bbox 490 892 588 961; x_wconf 80' lang='grc' dir='ltr'><strong><em>ου’τόν</em></strong></span> <span class='ocrx_word' id='word_1_50' title='bbox 612 898 800 960; x_wconf 77' lang='grc' dir='ltr'><strong><em>α’πολέσθαι.</em></strong></span> <span class='ocrx_word' id='word_1_51' title='bbox 847 890 1018 978; x_wconf 86' lang='grc' dir='ltr'><strong><em>κατάγεται</em></strong></span> <span class='ocrx_word' id='word_1_52' title='bbox 1048 887 1213 977; x_wconf 33' lang='grc' dir='ltr'><strong><em>σόντπαρά</em></strong></span> <span class='ocrx_word' id='word_1_53' title='bbox 1231 893 1273 956; x_wconf 84' lang='grc' dir='ltr'><strong><em>τόν</em></strong></span> 
     </span>
     <span class='ocr_line' id='line_1_8' title="bbox 217 984 1274 1077; baseline -0.003 -20"><span class='ocrx_word' id='word_1_54' title='bbox 217 996 365 1077; x_wconf 77' lang='grc' dir='ltr'><em>ἐμπόρων</em></span> <span class='ocrx_word' id='word_1_55' title='bbox 395 996 440 1069; x_wconf 82' lang='grc' dir='ltr'><strong><em>εἰς</em></strong></span> <span class='ocrx_word' id='word_1_56' title='bbox 468 993 649 1076; x_wconf 77' lang='grc' dir='ltr'><strong><em>Αἴγυπτον,</em></strong></span> <span class='ocrx_word' id='word_1_57' title='bbox 680 993 735 1058; x_wconf 83' lang='grc' dir='ltr'><strong><em>καί</em></strong></span> <span class='ocrx_word' id='word_1_58' title='bbox 760 993 804 1069; x_wconf 84' lang='grc' dir='ltr'>σός</span> <span class='ocrx_word' id='word_1_59' title='bbox 824 994 948 1070; x_wconf 68' lang='grc' dir='ltr'>ιῒσόλος1</span> <span class='ocrx_word' id='word_1_60' title='bbox 963 996 1064 1059; x_wconf 74' lang='grc' dir='ltr'><strong><em>ἐκεῖσε</em></strong></span> <span class='ocrx_word' id='word_1_61' title='bbox 1084 984 1274 1077; x_wconf 52' lang='grc' dir='ltr'><strong><em>πιπρίῷααι.</em></strong></span> 
     </span>
     <span class='ocr_line' id='line_1_9' title="bbox 188 1081 1274 1181; baseline -0.008 -20"><span class='ocrx_word' id='word_1_62' title='bbox 188 1096 256 1162; x_wconf 84' lang='lat' dir='ltr'>Bov‘</span> <span class='ocrx_word' id='word_1_63' title='bbox 275 1091 354 1157; x_wconf 86' lang='grc' dir='ltr'><strong><em>πολό</em></strong></span> <span class='ocrx_word' id='word_1_64' title='bbox 380 1092 415 1157; x_wconf 86' lang='grc' dir='ltr'><strong><em>τό</em></strong></span> <span class='ocrx_word' id='word_1_65' title='bbox 440 1095 474 1158; x_wconf 81' lang='grc' dir='ltr'>ἐν</span> <span class='ocrx_word' id='word_1_66' title='bbox 493 1097 593 1181; x_wconf 76' lang='grc' dir='ltr'><strong><em>μέσῳ,</em></strong></span> <span class='ocrx_word' id='word_1_67' title='bbox 616 1095 672 1158; x_wconf 86' lang='grc' dir='ltr'><strong><em>καί</em></strong></span> <span class='ocrx_word' id='word_1_68' title='bbox 692 1096 738 1169; x_wconf 83' lang='grc' dir='ltr'><strong><em>τίς</em></strong></span> <span class='ocrx_word' id='word_1_69' title='bbox 757 1091 877 1177; x_wconf 80' lang='grc' dir='ltr'><strong><em>ἔρωτας</em></strong></span> <span class='ocrx_word' id='word_1_70' title='bbox 894 1081 1148 1177; x_wconf 78' lang='grc' dir='ltr'><strong><em>ιῖσέμνσυςπαρά</em></strong></span> <span class='ocrx_word' id='word_1_71' title='bbox 1170 1093 1222 1174; x_wconf 74' lang='grc' dir='ltr'><strong><em>τῆς</em></strong></span> <span class='ocrx_word' id='word_1_72' title='bbox 1236 1115 1274 1152; x_wconf 83' lang='grc' dir='ltr'>κι-</span> 
     </span>
     <span class='ocr_line' id='line_1_10' title="bbox 216 1190 1273 1278; baseline -0.003 -21"><span class='ocrx_word' id='word_1_73' title='bbox 216 1197 288 1277; x_wconf 92' lang='grc' dir='ltr'><strong><em>ρίας</em></strong></span> <span class='ocrx_word' id='word_1_74' title='bbox 310 1194 410 1257; x_wconf 82' lang='grc' dir='ltr'><strong><em>αότοό</em></strong></span> <span class='ocrx_word' id='word_1_75' title='bbox 424 1194 599 1278; x_wconf 78' lang='grc' dir='ltr'><strong><em>ἐφέλκεται.</em></strong></span> <span class='ocrx_word' id='word_1_76' title='bbox 620 1192 637 1255; x_wconf 86' lang='grc' dir='ltr'><strong><em>ό</em></strong></span> <span class='ocrx_word' id='word_1_77' title='bbox 659 1195 937 1258; x_wconf 63' lang='lat' dir='ltr'>ticinensium·</span> <span class='ocrx_word' id='word_1_78' title='bbox 958 1194 990 1257; x_wconf 83' lang='grc' dir='ltr'><strong><em>εἰ</em></strong></span> <span class='ocrx_word' id='word_1_79' title='bbox 1000 1190 1062 1277; x_wconf 83' lang='grc' dir='ltr'>γάρ</span> <span class='ocrx_word' id='word_1_80' title='bbox 1084 1195 1140 1257; x_wconf 80' lang='grc' dir='ltr'><strong><em>καί</em></strong></span> <span class='ocrx_word' id='word_1_81' title='bbox 1159 1191 1192 1256; x_wconf 91' lang='grc' dir='ltr'><strong><em>τό</em></strong></span> <span class='ocrx_word' id='word_1_82' title='bbox 1207 1195 1273 1272; x_wconf 75' lang='grc' dir='ltr'><strong><em>σῶμα</em></strong></span> 
     </span>
     <span class='ocr_line' id='line_1_11' title="bbox 216 1281 1274 1379; baseline -0.003 -23"><span class='ocrx_word' id='word_1_83' title='bbox 216 1295 344 1372; x_wconf 81' lang='grc' dir='ltr'><strong><em>δοῦλος,</em></strong></span> <span class='ocrx_word' id='word_1_84' title='bbox 366 1289 445 1369; x_wconf 79' lang='grc' dir='ltr'><strong><em>α’λλά</em></strong></span> <span class='ocrx_word' id='word_1_85' title='bbox 467 1291 523 1376; x_wconf 74' lang='grc' dir='ltr'><strong><em>τήν</em></strong></span> <span class='ocrx_word' id='word_1_86' title='bbox 541 1292 669 1376; x_wconf 86' lang='grc' dir='ltr'><strong><em>γνιόμην</em></strong></span> <span class='ocrx_word' id='word_1_87' title='bbox 699 1288 875 1377; x_wconf 68' lang='grc' dir='ltr'><strong><em>ἐλεύθερος.</em></strong></span> <span class='ocrx_word' id='word_1_88' title='bbox 916 1292 967 1376; x_wconf 79' lang='grc' dir='ltr'>ἐφ’</span> <span class='ocrx_word' id='word_1_89' title='bbox 988 1281 1013 1379; x_wconf 76' lang='grc' dir='ltr'><em>ᾧ</em></span> <span class='ocrx_word' id='word_1_90' title='bbox 1031 1290 1087 1356; x_wconf 84' lang='grc' dir='ltr'><strong><em>καί</em></strong></span> <span class='ocrx_word' id='word_1_91' title='bbox 1105 1288 1185 1376; x_wconf 90' lang='grc' dir='ltr'><strong><em>πρός</em></strong></span> <span class='ocrx_word' id='word_1_92' title='bbox 1204 1287 1274 1373; x_wconf 72' lang='grc' dir='ltr'><strong><em>όργην</em></strong></span> 
     </span>
     <span class='ocr_line' id='line_1_12' title="bbox 217 1387 1273 1477; baseline 0 -21"><span class='ocrx_word' id='word_1_93' title='bbox 217 1387 316 1474; x_wconf 63' lang='lat' dir='ltr'>airis</span> <span class='ocrx_word' id='word_1_94' title='bbox 336 1398 425 1456; x_wconf 82' lang='grc' dir='ltr'><strong><em>κινεῖ.</em></strong></span> <span class='ocrx_word' id='word_1_95' title='bbox 465 1394 581 1477; x_wconf 79' lang='grc' dir='ltr'><strong><em>μελετᾷ</em></strong></span> <span class='ocrx_word' id='word_1_96' title='bbox 602 1394 668 1456; x_wconf 87' lang='grc' dir='ltr'><strong><em>κατ’</em></strong></span> <span class='ocrx_word' id='word_1_97' title='bbox 690 1393 805 1474; x_wconf 74' lang='lat' dir='ltr'>adseri,</span> <span class='ocrx_word' id='word_1_98' title='bbox 839 1400 1029 1475; x_wconf 82' lang='grc' dir='ltr'><strong><em>κατηγορεῖ,</em></strong></span> <span class='ocrx_word' id='word_1_99' title='bbox 1051 1396 1158 1456; x_wconf 69' lang='grc' dir='ltr'><strong><em>πείθει</em></strong></span> <span class='ocrx_word' id='word_1_100' title='bbox 1176 1393 1218 1465; x_wconf 82' lang='grc' dir='ltr'><strong><em>είς</em></strong></span> <span class='ocrx_word' id='word_1_101' title='bbox 1232 1414 1273 1474; x_wconf 79' lang='grc' dir='ltr'><strong><em>γε·</em></strong></span> 
     </span>
     <span class='ocr_line' id='line_1_13' title="bbox 218 1486 1272 1575; baseline -0.007 -18"><span class='ocrx_word' id='word_1_102' title='bbox 218 1489 317 1575; x_wconf 76' lang='grc' dir='ltr'><strong><em>λακην</em></strong></span> <span class='ocrx_word' id='word_1_103' title='bbox 337 1489 432 1555; x_wconf 73' lang='grc' dir='ltr'><strong><em>αὐτόν</em></strong></span> <span class='ocrx_word' id='word_1_104' title='bbox 455 1492 613 1571; x_wconf 73' lang='grc' dir='ltr'><strong><em>ἐμβαλεῖν.</em></strong></span> <span class='ocrx_word' id='word_1_105' title='bbox 652 1491 767 1572; x_wconf 84' lang='grc' dir='ltr'><strong><em>γίνεται</em></strong></span> <span class='ocrx_word' id='word_1_106' title='bbox 796 1494 912 1572; x_wconf 78' lang='grc' dir='ltr'><strong><em>ταῦτα,</em></strong></span> <span class='ocrx_word' id='word_1_107' title='bbox 936 1492 992 1554; x_wconf 79' lang='grc' dir='ltr'>καί</span> <span class='ocrx_word' id='word_1_108' title='bbox 1010 1494 1212 1572; x_wconf 77' lang='grc' dir='ltr'><strong><em>τρισκαίδεκα</em></strong></span> <span class='ocrx_word' id='word_1_109' title='bbox 1229 1486 1272 1551; x_wconf 69' lang='lat' dir='ltr'>dre</span> 
     </span>
     <span class='ocr_line' id='line_1_14' title="bbox 218 1581 1271 1677; baseline -0.006 -22"><span class='ocrx_word' id='word_1_110' title='bbox 218 1615 270 1655; x_wconf 90' lang='grc' dir='ltr'><strong><em>σιν</em></strong></span> <span class='ocrx_word' id='word_1_111' title='bbox 291 1587 509 1664; x_wconf 80' lang='grc' dir='ltr'><strong><em>κατάκλειστος</em></strong></span> <span class='ocrx_word' id='word_1_112' title='bbox 537 1581 601 1673; x_wconf 65' lang='grc' dir='ltr'>η’ν·</span> <span class='ocrx_word' id='word_1_113' title='bbox 633 1594 674 1676; x_wconf 77' lang='grc' dir='ltr'><strong><em>τῇ</em></strong></span> <span class='ocrx_word' id='word_1_114' title='bbox 691 1592 727 1653; x_wconf 79' lang='lat' dir='ltr'>di</span> <span class='ocrx_word' id='word_1_115' title='bbox 746 1587 877 1677; x_wconf 77' lang='grc' dir='ltr'><strong><em>τοιαύτη</em></strong></span> <span class='ocrx_word' id='word_1_116' title='bbox 899 1593 1028 1676; x_wconf 74' lang='grc' dir='ltr'><strong><em>φυλακῇ</em></strong></span> <span class='ocrx_word' id='word_1_117' title='bbox 1050 1593 1107 1655; x_wconf 75' lang='grc' dir='ltr'><strong><em>κατ’</em></strong></span> <span class='ocrx_word' id='word_1_118' title='bbox 1125 1593 1219 1674; x_wconf 74' lang='grc' dir='ltr'><strong><em>ἕτεροι</em></strong></span> <span class='ocrx_word' id='word_1_119' title='bbox 1233 1584 1271 1650; x_wconf 78' lang='grc' dir='ltr'><strong><em>όόι</em></strong></span> 
     </span>
     <span class='ocr_line' id='line_1_15' title="bbox 218 1681 1277 1773; baseline -0.004 -18"><span class='ocrx_word' id='word_1_120' title='bbox 218 1691 383 1772; x_wconf 78' lang='grc' dir='ltr'><strong><em>συνῆσαν,</em></strong></span> <span class='ocrx_word' id='word_1_121' title='bbox 414 1687 610 1770; x_wconf 78' lang='grc' dir='ltr'><strong><em>οἰνοχόος,’τε</em></strong></span> <span class='ocrx_word' id='word_1_122' title='bbox 640 1691 694 1752; x_wconf 79' lang='grc' dir='ltr'>καί</span> <span class='ocrx_word' id='word_1_123' title='bbox 725 1685 918 1773; x_wconf 82' lang='grc' dir='ltr'><strong><em>α’ρτοποιός·</em></strong></span> <span class='ocrx_word' id='word_1_124' title='bbox 971 1681 1017 1765; x_wconf 73' lang='grc' dir='ltr'>οἷς</span> <span class='ocrx_word' id='word_1_125' title='bbox 1046 1688 1086 1773; x_wconf 75' lang='grc' dir='ltr'>δη</span> <span class='ocrx_word' id='word_1_126' title='bbox 1118 1687 1277 1770; x_wconf 72' lang='grc' dir='ltr'><strong><em>παραδόξως</em></strong></span> 
     </span>
     <span class='ocr_line' id='line_1_16' title="bbox 219 1783 1283 1877; baseline -0.005 -25"><span class='ocrx_word' id='word_1_127' title='bbox 219 1788 274 1852; x_wconf 79' lang='grc' dir='ltr'>καί</span> <span class='ocrx_word' id='word_1_128' title='bbox 293 1784 330 1853; x_wconf 85' lang='grc' dir='ltr'><strong><em>τά</em></strong></span> <span class='ocrx_word' id='word_1_129' title='bbox 353 1783 486 1869; x_wconf 77' lang='grc' dir='ltr'><strong><em>ἐσόμενα</em></strong></span> <span class='ocrx_word' id='word_1_130' title='bbox 507 1789 726 1874; x_wconf 83' lang='grc' dir='ltr'><strong><em>προηγόρευσε.</em></strong></span> <span class='ocrx_word' id='word_1_131' title='bbox 767 1789 824 1852; x_wconf 78' lang='grc' dir='ltr'>καί</span> <span class='ocrx_word' id='word_1_132' title='bbox 851 1788 896 1877; x_wconf 74' lang='grc' dir='ltr'><strong><em>τῷ</em></strong></span> <span class='ocrx_word' id='word_1_133' title='bbox 914 1788 973 1869; x_wconf 81' lang='grc' dir='ltr'>μέν</span> <span class='ocrx_word' id='word_1_134' title='bbox 993 1788 1125 1877; x_wconf 78' lang='grc' dir='ltr'><strong><em>οἰνοχόῳ</em></strong></span> <span class='ocrx_word' id='word_1_135' title='bbox 1145 1785 1283 1868; x_wconf 73' lang='grc' dir='ltr'><strong><em>ἐλευθερί-</em></strong></span> 
     </span>
     <span class='ocr_line' id='line_1_17' title="bbox 117 1882 1281 1973; baseline -0.006 -21"><span class='ocrx_word' id='word_1_136' title='bbox 117 1908 260 1961; x_wconf 77' lang='lat' dir='ltr'>v‚112uv</span> <span class='ocrx_word' id='word_1_137' title='bbox 279 1891 425 1972; x_wconf 81' lang='grc' dir='ltr'><strong><em>προέλεγε</em></strong></span> <span class='ocrx_word' id='word_1_138' title='bbox 443 1886 495 1952; x_wconf 79' lang='grc' dir='ltr'><strong><em>διά</em></strong></span> <span class='ocrx_word' id='word_1_139' title='bbox 515 1893 611 1972; x_wconf 76' lang='grc' dir='ltr'><strong><em>τριῶν</em></strong></span> <span class='ocrx_word' id='word_1_140' title='bbox 632 1890 777 1968; x_wconf 75' lang='grc' dir='ltr'><strong><em>ἐμμένειν</em></strong></span> <span class='ocrx_word' id='word_1_141' title='bbox 805 1886 955 1973; x_wconf 73' lang='grc' dir='ltr'><strong><em>ἡμεροῦν·</em></strong></span> <span class='ocrx_word' id='word_1_142' title='bbox 997 1882 1083 1971; x_wconf 74' lang='grc' dir='ltr'><strong><em>ἓοόρα</em></strong></span> <span class='ocrx_word' id='word_1_143' title='bbox 1103 1886 1162 1970; x_wconf 87' lang='grc' dir='ltr'>γάρ</span> <span class='ocrx_word' id='word_1_144' title='bbox 1183 1889 1214 1951; x_wconf 83' lang='grc' dir='ltr'><strong><em>έκ</em></strong></span> <span class='ocrx_word' id='word_1_145' title='bbox 1227 1906 1281 1966; x_wconf 86' lang='grc' dir='ltr'><strong><em>ιρι·</em></strong></span> 
     </span>
     <span class='ocr_line' id='line_1_18' title="bbox 192 1983 1283 2073; baseline -0.008 -18"><span class='ocrx_word' id='word_1_146' title='bbox 192 1992 265 2055; x_wconf 72' lang='lat' dir='ltr'>caia</span> <span class='ocrx_word' id='word_1_147' title='bbox 282 1986 447 2072; x_wconf 79' lang='grc' dir='ltr'><strong><em>κλημάτων</em></strong></span> <span class='ocrx_word' id='word_1_148' title='bbox 464 1989 735 2069; x_wconf 73' lang='grc' dir='ltr'><strong><em>άποθλιβομένους</em></strong></span> <span class='ocrx_word' id='word_1_149' title='bbox 753 1984 892 2069; x_wconf 86' lang='grc' dir='ltr'><strong><em>βότρυας</em></strong></span> <span class='ocrx_word' id='word_1_150' title='bbox 912 1990 955 2052; x_wconf 82' lang='grc' dir='ltr'><strong><em>δι’</em></strong></span> <span class='ocrx_word' id='word_1_151' title='bbox 977 1988 1080 2052; x_wconf 75' lang='lat' dir='ltr'>adteri</span> <span class='ocrx_word' id='word_1_152' title='bbox 1101 1990 1146 2064; x_wconf 80' lang='grc' dir='ltr'><strong><em>εἰς</em></strong></span> <span class='ocrx_word' id='word_1_153' title='bbox 1167 1983 1283 2073; x_wconf 79' lang='grc' dir='ltr'><strong><em>φιάληι,</em></strong></span> 
     </span>
     <span class='ocr_line' id='line_1_19' title="bbox 220 2079 1282 2172; baseline -0.004 -22"><span class='ocrx_word' id='word_1_154' title='bbox 220 2087 276 2152; x_wconf 79' lang='grc' dir='ltr'>καί</span> <span class='ocrx_word' id='word_1_155' title='bbox 295 2085 350 2152; x_wconf 86' lang='grc' dir='ltr'><strong><em>τόν</em></strong></span> <span class='ocrx_word' id='word_1_156' title='bbox 369 2091 502 2171; x_wconf 80' lang='grc' dir='ltr'><strong><em>βασιλέα</em></strong></span> <span class='ocrx_word' id='word_1_157' title='bbox 520 2088 693 2172; x_wconf 82' lang='grc' dir='ltr'><strong><em>χαριέντως</em></strong></span> <span class='ocrx_word' id='word_1_158' title='bbox 711 2086 855 2162; x_wconf 79' lang='grc' dir='ltr'><strong><em>έξαόιοῦ</em></strong></span> <span class='ocrx_word' id='word_1_159' title='bbox 869 2087 986 2171; x_wconf 79' lang='grc' dir='ltr'><strong><em>ταύτην</em></strong></span> <span class='ocrx_word' id='word_1_160' title='bbox 998 2091 1205 2170; x_wconf 78' lang='grc' dir='ltr'><strong><em>λαμβάνοντα.</em></strong></span> <span class='ocrx_word' id='word_1_161' title='bbox 1221 2079 1282 2147; x_wconf 69' lang='lat' dir='ltr'>dier</span> 
     </span>
     <span class='ocr_line' id='line_1_20' title="bbox 220 2180 1282 2272; baseline -0.005 -22"><span class='ocrx_word' id='word_1_162' title='bbox 220 2184 372 2269; x_wconf 80' lang='grc' dir='ltr'><strong><em>καὶπρὸς</em></strong></span> <span class='ocrx_word' id='word_1_163' title='bbox 400 2183 497 2252; x_wconf 77' lang='grc' dir='ltr'><strong><em>αὐτόν</em></strong></span> <span class='ocrx_word' id='word_1_164' title='bbox 527 2184 612 2268; x_wconf 75' lang='grc' dir='ltr'><strong><em>ἔλεγε</em></strong></span> <span class='ocrx_word' id='word_1_165' title='bbox 635 2183 701 2268; x_wconf 71' lang='grc' dir='ltr'>,μή</span> <span class='ocrx_word' id='word_1_166' title='bbox 726 2180 879 2272; x_wconf 79' lang='grc' dir='ltr'><strong><em>όπερίδης</em></strong></span> <span class='ocrx_word' id='word_1_167' title='bbox 899 2184 983 2268; x_wconf 77' lang='grc' dir='ltr'><strong><em>ἡμᾶς</em></strong></span> <span class='ocrx_word' id='word_1_168' title='bbox 1002 2188 1058 2250; x_wconf 81' lang='grc' dir='ltr'>δια</span> <span class='ocrx_word' id='word_1_169' title='bbox 1084 2187 1184 2250; x_wconf 81' lang='grc' dir='ltr'><strong><em>ταῦτα</em></strong></span> <span class='ocrx_word' id='word_1_170' title='bbox 1202 2185 1282 2258; x_wconf 66' lang='lat' dir='ltr'>tasp-</span> 
     </span>
     <span class='ocr_line' id='line_1_21' title="bbox 220 2272 1306 2368; baseline -0.003 -21"><span class='ocrx_word' id='word_1_171' title='bbox 220 2285 369 2368; x_wconf 77' lang='grc' dir='ltr'><strong><em>χόμενος·</em></strong></span> <span class='ocrx_word' id='word_1_172' title='bbox 412 2285 504 2349; x_wconf 81' lang='grc' dir='ltr'><strong><em>ου’όὲν</em></strong></span> <span class='ocrx_word' id='word_1_173' title='bbox 523 2283 581 2367; x_wconf 83' lang='grc' dir='ltr'>γάρ</span> <span class='ocrx_word' id='word_1_174' title='bbox 601 2282 793 2367; x_wconf 71' lang='grc' dir='ltr'><strong><em>ἁμαρτόντες</em></strong></span> <span class='ocrx_word' id='word_1_175' title='bbox 813 2285 847 2349; x_wconf 80' lang='grc' dir='ltr'>ἐν</span> <span class='ocrx_word' id='word_1_176' title='bbox 867 2281 995 2366; x_wconf 81' lang='grc' dir='ltr'><strong><em>δεσμοῖς</em></strong></span> <span class='ocrx_word' id='word_1_177' title='bbox 1014 2286 1197 2368; x_wconf 81' lang='grc' dir='ltr'><strong><em>γεγόναμεν,</em></strong></span> <span class='ocrx_word' id='word_1_178' title='bbox 1218 2272 1278 2344; x_wconf 72' lang='lat' dir='ltr'>itii</span> <span class='ocrx_word' id='word_1_179' title='bbox 1303 2297 1306 2300; x_wconf 76' lang='grc'>’</span> 
     </span>
    </p>
   </div>
   <div class='ocr_carea' id='block_1_3' title="bbox 177 2380 1282 2469">
    <p class='ocr_par' dir='ltr' id='par_1_3' title="bbox 177 2380 1282 2469">
     <span class='ocr_line' id='line_1_22' title="bbox 177 2380 1282 2469; baseline -0.002 -22"><span class='ocrx_word' id='word_1_180' title='bbox 177 2432 178 2437; x_wconf 35' lang='lat'>1</span> <span class='ocrx_word' id='word_1_181' title='bbox 222 2383 429 2469; x_wconf 74' lang='grc' dir='ltr'><strong><em>σωφροσύνης</em></strong></span> <span class='ocrx_word' id='word_1_182' title='bbox 458 2380 548 2447; x_wconf 76' lang='grc' dir='ltr'><strong><em>ἕνεκα</em></strong></span> <span class='ocrx_word' id='word_1_183' title='bbox 574 2380 614 2447; x_wconf 88' lang='grc' dir='ltr'><strong><em>τά</em></strong></span> <span class='ocrx_word' id='word_1_184' title='bbox 636 2384 699 2447; x_wconf 85' lang='grc' dir='ltr'><strong><em>τιόν</em></strong></span> <span class='ocrx_word' id='word_1_185' title='bbox 728 2381 912 2467; x_wconf 77' lang='grc' dir='ltr'><strong><em>κακούργων</em></strong></span> <span class='ocrx_word' id='word_1_186' title='bbox 930 2384 1099 2466; x_wconf 70' lang='grc' dir='ltr'><strong><em>ὑπομένειν</em></strong></span> <span class='ocrx_word' id='word_1_187' title='bbox 1120 2382 1282 2466; x_wconf 60' lang='grc' dir='ltr'>κατεκρίθηρ</span> 
     </span>
    </p>
   </div>
   <div class='ocr_carea' id='block_1_4' title="bbox 292 2567 1155 2643">
    <p class='ocr_par' dir='ltr' id='par_1_4' title="bbox 292 2567 1155 2643">
     <span class='ocr_line' id='line_1_23' title="bbox 292 2567 1155 2643; baseline 0 -20"><span class='ocrx_word' id='word_1_188' title='bbox 292 2568 580 2640; x_wconf 60' lang='grc' dir='ltr'><strong><em>καταστρέψονται</em></strong></span> <span class='ocrx_word' id='word_1_189' title='bbox 650 2584 691 2620; x_wconf 83' lang='grc' dir='ltr'><strong><em>τι.</em></strong></span> <span class='ocrx_word' id='word_1_190' title='bbox 710 2569 929 2643; x_wconf 71' lang='grc' dir='ltr'><strong><em>κατεκρίθημεν]</em></strong></span> <span class='ocrx_word' id='word_1_191' title='bbox 948 2567 1109 2642; x_wconf 64' lang='grc' dir='ltr'><strong><em>ἠξιώθημεν</em></strong></span> <span class='ocrx_word' id='word_1_192' title='bbox 1125 2570 1155 2623; x_wconf 81' lang='lat' dir='ltr'>F.</span> 
     </span>
    </p>
   </div>
   <div class='ocr_carea' id='block_1_5' title="bbox 216 2718 1323 4205">
    <p class='ocr_par' dir='ltr' id='par_1_5' title="bbox 216 2718 1323 4205">
     <span class='ocr_line' id='line_1_24' title="bbox 221 2718 1278 2792; baseline 0.001 -18"><span class='ocrx_word' id='word_1_193' title='bbox 221 2721 345 2785; x_wconf 86' lang='lat' dir='ltr'>trahunt,</span> <span class='ocrx_word' id='word_1_194' title='bbox 365 2738 398 2774; x_wconf 81' lang='lat' dir='ltr'>ec</span> <span class='ocrx_word' id='word_1_195' title='bbox 415 2722 512 2790; x_wconf 76' lang='lat' dir='ltr'>viginti</span> <span class='ocrx_word' id='word_1_196' title='bbox 531 2722 613 2773; x_wconf 84' lang='lat' dir='ltr'>minis</span> <span class='ocrx_word' id='word_1_197' title='bbox 626 2721 677 2788; x_wconf 91' lang='lat' dir='ltr'>(sic</span> <span class='ocrx_word' id='word_1_198' title='bbox 696 2722 769 2774; x_wconf 87' lang='lat' dir='ltr'>enim</span> <span class='ocrx_word' id='word_1_199' title='bbox 786 2722 917 2792; x_wconf 76' lang='lat' dir='ltr'>Iosephus</span> <span class='ocrx_word' id='word_1_200' title='bbox 935 2723 965 2774; x_wconf 89' lang='lat' dir='ltr'>iu</span> <span class='ocrx_word' id='word_1_201' title='bbox 982 2722 1097 2776; x_wconf 82' lang='lat' dir='ltr'>historia</span> <span class='ocrx_word' id='word_1_202' title='bbox 1113 2740 1162 2776; x_wconf 80' lang='lat' dir='ltr'>sua</span> <span class='ocrx_word' id='word_1_203' title='bbox 1179 2718 1278 2775; x_wconf 78' lang='lat' dir='ltr'>meutn&#39;-</span> 
     </span>
     <span class='ocr_line' id='line_1_25' title="bbox 221 2791 1276 2914; baseline 0.002 -69"><span class='ocrx_word' id='word_1_204' title='bbox 221 2811 255 2845; x_wconf 85' lang='lat' dir='ltr'>ae</span> <span class='ocrx_word' id='word_1_205' title='bbox 273 2792 413 2914; x_wconf 50' lang='lat' dir='ltr'>prodidit?¹</span> <span class='ocrx_word' id='word_1_206' title='bbox 423 2791 586 2862; x_wconf 82' lang='lat' dir='ltr'>quibusdam</span> <span class='ocrx_word' id='word_1_207' title='bbox 602 2793 796 2844; x_wconf 69' lang='lat' dir='ltr'>mercatoribus</span> <span class='ocrx_word' id='word_1_208' title='bbox 822 2793 953 2846; x_wconf 81' lang='lat' dir='ltr'>vendunt.</span> <span class='ocrx_word' id='word_1_209' title='bbox 971 2795 1035 2846; x_wconf 87' lang='lat' dir='ltr'>binc</span> <span class='ocrx_word' id='word_1_210' title='bbox 1052 2793 1089 2846; x_wconf 81' lang='lat' dir='ltr'>ad</span> <span class='ocrx_word' id='word_1_211' title='bbox 1105 2803 1233 2865; x_wconf 74' lang='lat' dir='ltr'>parentem</span> <span class='ocrx_word' id='word_1_212' title='bbox 1246 2804 1276 2840; x_wconf 76' lang='lat' dir='ltr'>rt-</span> 
     </span>
     <span class='ocr_line' id='line_1_26' title="bbox 221 2863 1273 2934; baseline -0.003 -17"><span class='ocrx_word' id='word_1_213' title='bbox 221 2866 291 2917; x_wconf 82' lang='lat' dir='ltr'>versi</span> <span class='ocrx_word' id='word_1_214' title='bbox 315 2866 393 2934; x_wconf 89' lang='lat' dir='ltr'>Iosep</span> <span class='ocrx_word' id='word_1_215' title='bbox 414 2881 460 2914; x_wconf 92' lang='lat' dir='ltr'>um</span> <span class='ocrx_word' id='word_1_216' title='bbox 484 2863 594 2932; x_wconf 89' lang='lat' dir='ltr'>quidem</span> <span class='ocrx_word' id='word_1_217' title='bbox 621 2879 649 2915; x_wconf 86' lang='lat' dir='ltr'>se</span> <span class='ocrx_word' id='word_1_218' title='bbox 674 2880 806 2932; x_wconf 82' lang='lat' dir='ltr'>nusquam</span> <span class='ocrx_word' id='word_1_219' title='bbox 828 2863 929 2916; x_wconf 83' lang='lat' dir='ltr'>vidiese</span> <span class='ocrx_word' id='word_1_220' title='bbox 954 2873 1082 2930; x_wconf 79' lang='lat' dir='ltr'>narrant,</span> <span class='ocrx_word' id='word_1_221' title='bbox 1107 2867 1273 2920; x_wconf 73' lang='lat' dir='ltr'>tunicarum</span> 
     </span>
     <span class='ocr_line' id='line_1_27' title="bbox 221 2932 1274 3006; baseline 0.002 -20"><span class='ocrx_word' id='word_1_222' title='bbox 221 2936 305 3005; x_wconf 76' lang='lat' dir='ltr'>ipsius</span> <span class='ocrx_word' id='word_1_223' title='bbox 323 2936 453 3004; x_wconf 85' lang='lat' dir='ltr'>reperisse</span> <span class='ocrx_word' id='word_1_224' title='bbox 471 2942 637 2985; x_wconf 84' lang='lat' dir='ltr'>cruentatam</span> <span class='ocrx_word' id='word_1_225' title='bbox 658 2950 689 2984; x_wconf 88' lang='lat' dir='ltr'>ac</span> <span class='ocrx_word' id='word_1_226' title='bbox 708 2932 886 3003; x_wconf 85' lang='lat' dir='ltr'>discerptam,</span> <span class='ocrx_word' id='word_1_227' title='bbox 904 2942 935 2985; x_wconf 86' lang='lat' dir='ltr'>ut</span> <span class='ocrx_word' id='word_1_228' title='bbox 952 2934 1004 2986; x_wconf 89' lang='lat' dir='ltr'>hoc</span> <span class='ocrx_word' id='word_1_229' title='bbox 1021 2937 1104 2987; x_wconf 90' lang='lat' dir='ltr'>modo</span> <span class='ocrx_word' id='word_1_230' title='bbox 1119 2946 1195 3006; x_wconf 89' lang='lat' dir='ltr'>pater</span> <span class='ocrx_word' id='word_1_231' title='bbox 1210 2937 1232 2987; x_wconf 86' lang='lat' dir='ltr'>ia</span> <span class='ocrx_word' id='word_1_232' title='bbox 1245 2946 1274 2982; x_wconf 74' lang='lat' dir='ltr'>tt·</span> 
     </span>
     <span class='ocr_line' id='line_1_28' title="bbox 222 3002 1274 3075; baseline -0.002 -20"><span class='ocrx_word' id='word_1_233' title='bbox 222 3006 382 3074; x_wconf 83' lang='lat' dir='ltr'>epicionem.</span> <span class='ocrx_word' id='word_1_234' title='bbox 396 3005 501 3057; x_wconf 80' lang='lat' dir='ltr'>reniret</span> <span class='ocrx_word' id='word_1_235' title='bbox 530 3005 642 3056; x_wconf 87' lang='lat' dir='ltr'>fortasse</span> <span class='ocrx_word' id='word_1_236' title='bbox 671 3003 756 3055; x_wconf 86' lang='lat' dir='ltr'>filiurn</span> <span class='ocrx_word' id='word_1_237' title='bbox 778 3022 793 3054; x_wconf 86' lang='lat' dir='ltr'>a</span> <span class='ocrx_word' id='word_1_238' title='bbox 819 3005 883 3056; x_wconf 82' lang='lat' dir='ltr'>serie</span> <span class='ocrx_word' id='word_1_239' title='bbox 903 3006 1096 3075; x_wconf 88' lang='lat' dir='ltr'>interemptum</span> <span class='ocrx_word' id='word_1_240' title='bbox 1114 3024 1180 3059; x_wconf 79' lang='lat' dir='ltr'>erse</span> <span class='ocrx_word' id='word_1_241' title='bbox 1197 3002 1274 3058; x_wconf 76' lang='lat' dir='ltr'>intem</span> 
     </span>
     <span class='ocr_line' id='line_1_29' title="bbox 224 3073 1276 3146; baseline 0.003 -20"><span class='ocrx_word' id='word_1_242' title='bbox 224 3077 282 3145; x_wconf 90' lang='lat' dir='ltr'>ipse</span> <span class='ocrx_word' id='word_1_243' title='bbox 294 3091 310 3124; x_wconf 91' lang='lat' dir='ltr'>a</span> <span class='ocrx_word' id='word_1_244' title='bbox 320 3074 515 3127; x_wconf 75' lang='lat' dir='ltr'>mercatoribus</span> <span class='ocrx_word' id='word_1_245' title='bbox 533 3077 561 3126; x_wconf 91' lang='lat' dir='ltr'>iu</span> <span class='ocrx_word' id='word_1_246' title='bbox 572 3076 722 3145; x_wconf 80' lang='lat' dir='ltr'>Aegyptum</span> <span class='ocrx_word' id='word_1_247' title='bbox 740 3073 891 3139; x_wconf 87' lang='lat' dir='ltr'>abducitur,</span> <span class='ocrx_word' id='word_1_248' title='bbox 910 3085 991 3146; x_wconf 86' lang='lat' dir='ltr'>utque</span> <span class='ocrx_word' id='word_1_249' title='bbox 1003 3077 1061 3128; x_wconf 89' lang='lat' dir='ltr'>illic</span> <span class='ocrx_word' id='word_1_250' title='bbox 1072 3079 1102 3129; x_wconf 90' lang='lat' dir='ltr'>in</span> <span class='ocrx_word' id='word_1_251' title='bbox 1113 3092 1212 3129; x_wconf 87' lang='lat' dir='ltr'>morem</span> <span class='ocrx_word' id='word_1_252' title='bbox 1225 3088 1276 3128; x_wconf 61' lang='grc' dir='ltr'>σιν</span> 
     </span>
     <span class='ocr_line' id='line_1_30' title="bbox 224 3145 1277 3214; baseline -0.001 -17"><span class='ocrx_word' id='word_1_253' title='bbox 224 3145 289 3214; x_wconf 90' lang='lat' dir='ltr'>cipii</span> <span class='ocrx_word' id='word_1_254' title='bbox 318 3145 451 3196; x_wconf 89' lang='lat' dir='ltr'>venditur.</span> <span class='ocrx_word' id='word_1_255' title='bbox 478 3162 533 3197; x_wconf 90' lang='lat' dir='ltr'>nou</span> <span class='ocrx_word' id='word_1_256' title='bbox 555 3145 636 3214; x_wconf 83' lang='lat' dir='ltr'>longo</span> <span class='ocrx_word' id='word_1_257' title='bbox 654 3153 775 3214; x_wconf 90' lang='lat' dir='ltr'>tempore</span> <span class='ocrx_word' id='word_1_258' title='bbox 803 3146 946 3199; x_wconf 89' lang='lat' dir='ltr'>interiecto</span> <span class='ocrx_word' id='word_1_259' title='bbox 964 3145 998 3198; x_wconf 86' lang='lat' dir='ltr'>ab</span> <span class='ocrx_word' id='word_1_260' title='bbox 1017 3146 1083 3199; x_wconf 86' lang='lat' dir='ltr'>hera</span> <span class='ocrx_word' id='word_1_261' title='bbox 1102 3167 1151 3200; x_wconf 83' lang='lat' dir='ltr'>sua</span> <span class='ocrx_word' id='word_1_262' title='bbox 1167 3148 1277 3201; x_wconf 77' lang='lat' dir='ltr'>foederet</span> 
     </span>
     <span class='ocr_line' id='line_1_31' title="bbox 224 3215 1276 3291; baseline 0 -24"><span class='ocrx_word' id='word_1_263' title='bbox 224 3225 317 3284; x_wconf 84' lang='lat' dir='ltr'>turpes</span> <span class='ocrx_word' id='word_1_264' title='bbox 343 3215 377 3266; x_wconf 89' lang='lat' dir='ltr'>ad</span> <span class='ocrx_word' id='word_1_265' title='bbox 403 3231 506 3266; x_wconf 85' lang='lat' dir='ltr'>amores</span> <span class='ocrx_word' id='word_1_266' title='bbox 528 3216 683 3283; x_wconf 87' lang='lat' dir='ltr'>pellicitur,</span> <span class='ocrx_word' id='word_1_267' title='bbox 714 3234 730 3266; x_wconf 85' lang='lat' dir='ltr'>a</span> <span class='ocrx_word' id='word_1_268' title='bbox 758 3232 812 3284; x_wconf 88' lang='lat' dir='ltr'>qua</span> <span class='ocrx_word' id='word_1_269' title='bbox 829 3225 921 3269; x_wconf 87' lang='lat' dir='ltr'>tumen</span> <span class='ocrx_word' id='word_1_270' title='bbox 951 3233 984 3269; x_wconf 88' lang='lat' dir='ltr'>eo</span> <span class='ocrx_word' id='word_1_271' title='bbox 1002 3220 1114 3271; x_wconf 87' lang='lat' dir='ltr'>minime</span> <span class='ocrx_word' id='word_1_272' title='bbox 1130 3219 1276 3291; x_wconf 74' lang='lat' dir='ltr'>perpellitart</span> 
     </span>
     <span class='ocr_line' id='line_1_32' title="bbox 224 3285 1278 3357; baseline -0.001 -19"><span class='ocrx_word' id='word_1_273' title='bbox 224 3285 347 3357; x_wconf 79' lang='lat' dir='ltr'>quamvis</span> <span class='ocrx_word' id='word_1_274' title='bbox 367 3287 438 3336; x_wconf 90' lang='lat' dir='ltr'>enim</span> <span class='ocrx_word' id='word_1_275' title='bbox 466 3301 578 3354; x_wconf 86' lang='lat' dir='ltr'>corpore</span> <span class='ocrx_word' id='word_1_276' title='bbox 603 3303 694 3338; x_wconf 81' lang='lat' dir='ltr'>servus</span> <span class='ocrx_word' id='word_1_277' title='bbox 712 3294 796 3349; x_wconf 86' lang='lat' dir='ltr'>esset,</span> <span class='ocrx_word' id='word_1_278' title='bbox 815 3286 902 3339; x_wconf 85' lang='lat' dir='ltr'>nihilo</span> <span class='ocrx_word' id='word_1_279' title='bbox 922 3295 1013 3339; x_wconf 87' lang='lat' dir='ltr'>tamen</span> <span class='ocrx_word' id='word_1_280' title='bbox 1033 3291 1124 3341; x_wconf 88' lang='lat' dir='ltr'>minus</span> <span class='ocrx_word' id='word_1_281' title='bbox 1142 3293 1227 3342; x_wconf 85' lang='lat' dir='ltr'>animo</span> <span class='ocrx_word' id='word_1_282' title='bbox 1240 3289 1278 3337; x_wconf 78' lang='lat' dir='ltr'>eni</span> 
     </span>
     <span class='ocr_line' id='line_1_33' title="bbox 225 3352 1278 3431; baseline -0.001 -21"><span class='ocrx_word' id='word_1_283' title='bbox 225 3359 365 3426; x_wconf 78' lang='lat' dir='ltr'>ingenuus.</span> <span class='ocrx_word' id='word_1_284' title='bbox 382 3354 452 3407; x_wconf 85' lang='lat' dir='ltr'>banc</span> <span class='ocrx_word' id='word_1_285' title='bbox 469 3354 505 3407; x_wconf 88' lang='lat' dir='ltr'>ob</span> <span class='ocrx_word' id='word_1_286' title='bbox 525 3372 628 3408; x_wconf 85' lang='lat' dir='ltr'>caueam</span> <span class='ocrx_word' id='word_1_287' title='bbox 649 3357 697 3408; x_wconf 85' lang='lat' dir='ltr'>illa</span> <span class='ocrx_word' id='word_1_288' title='bbox 717 3357 896 3421; x_wconf 81' lang='lat' dir='ltr'>excandescit,</span> <span class='ocrx_word' id='word_1_289' title='bbox 914 3357 1020 3428; x_wconf 87' lang='lat' dir='ltr'>aliquid</span> <span class='ocrx_word' id='word_1_290' title='bbox 1038 3362 1067 3411; x_wconf 94' lang='lat' dir='ltr'>in</span> <span class='ocrx_word' id='word_1_291' title='bbox 1080 3361 1220 3431; x_wconf 85' lang='lat' dir='ltr'>losepbum</span> <span class='ocrx_word' id='word_1_292' title='bbox 1235 3352 1278 3409; x_wconf 73' lang='lat' dir='ltr'>ndi</span> 
     </span>
     <span class='ocr_line' id='line_1_34' title="bbox 225 3426 1278 3496; baseline 0.004 -15"><span class='ocrx_word' id='word_1_293' title='bbox 225 3429 349 3491; x_wconf 89' lang='lat' dir='ltr'>molitur,</span> <span class='ocrx_word' id='word_1_294' title='bbox 378 3435 499 3489; x_wconf 88' lang='lat' dir='ltr'>accusat,</span> <span class='ocrx_word' id='word_1_295' title='bbox 526 3428 623 3479; x_wconf 82' lang='lat' dir='ltr'>marito</span> <span class='ocrx_word' id='word_1_296' title='bbox 649 3426 813 3496; x_wconf 84' lang='lat' dir='ltr'>persuadet,</span> <span class='ocrx_word' id='word_1_297' title='bbox 836 3428 974 3480; x_wconf 86' lang='lat' dir='ltr'>hominem</span> <span class='ocrx_word' id='word_1_298' title='bbox 1001 3430 1031 3481; x_wconf 91' lang='lat' dir='ltr'>in</span> <span class='ocrx_word' id='word_1_299' title='bbox 1048 3428 1278 3484; x_wconf 70' lang='lat' dir='ltr'>vinculaconititi</span> 
     </span>
     <span class='ocr_line' id='line_1_35' title="bbox 226 3496 1277 3569; baseline 0.001 -16"><span class='ocrx_word' id='word_1_300' title='bbox 226 3498 347 3553; x_wconf 86' lang='lat' dir='ltr'>succedit</span> <span class='ocrx_word' id='word_1_301' title='bbox 366 3496 440 3568; x_wconf 82' lang='lat' dir='ltr'>qued</span> <span class='ocrx_word' id='word_1_302' title='bbox 469 3498 639 3561; x_wconf 82' lang='lat' dir='ltr'>instituerat,</span> <span class='ocrx_word' id='word_1_303' title='bbox 665 3498 787 3569; x_wconf 87' lang='lat' dir='ltr'>adeoque</span> <span class='ocrx_word' id='word_1_304' title='bbox 805 3506 878 3552; x_wconf 86' lang='lat' dir='ltr'>totos</span> <span class='ocrx_word' id='word_1_305' title='bbox 899 3501 929 3551; x_wconf 81' lang='lat'>13</span> <span class='ocrx_word' id='word_1_306' title='bbox 948 3502 1112 3554; x_wconf 87' lang='lat' dir='ltr'>annoslose</span> <span class='ocrx_word' id='word_1_307' title='bbox 1132 3499 1277 3556; x_wconf 67' lang='lat' dir='ltr'>busiride</span> 
     </span>
     <span class='ocr_line' id='line_1_36' title="bbox 216 3520 1277 3644; baseline -0.003 -21"><span class='ocrx_word' id='word_1_308' title='bbox 216 3572 295 3623; x_wconf 86' lang='lat' dir='ltr'>culis</span> <span class='ocrx_word' id='word_1_309' title='bbox 315 3569 461 3622; x_wconf 89' lang='lat' dir='ltr'>detinetur.</span> <span class='ocrx_word' id='word_1_310' title='bbox 480 3577 557 3621; x_wconf 84' lang='lat' dir='ltr'>erant</span> <span class='ocrx_word' id='word_1_311' title='bbox 573 3570 602 3620; x_wconf 92' lang='lat' dir='ltr'>in</span> <span class='ocrx_word' id='word_1_312' title='bbox 619 3568 716 3620; x_wconf 89' lang='lat' dir='ltr'>eodem</span> <span class='ocrx_word' id='word_1_313' title='bbox 736 3587 841 3622; x_wconf 87' lang='lat' dir='ltr'>carcere</span> <span class='ocrx_word' id='word_1_314' title='bbox 859 3570 977 3622; x_wconf 87' lang='lat' dir='ltr'>conclusi</span> <span class='ocrx_word' id='word_1_315' title='bbox 995 3572 1089 3624; x_wconf 83' lang='lat' dir='ltr'>etalii</span> <span class='ocrx_word' id='word_1_316' title='bbox 1108 3520 1178 3639; x_wconf 81' lang='lat' dir='ltr'>duo,</span> <span class='ocrx_word' id='word_1_317' title='bbox 1193 3580 1277 3644; x_wconf 69' lang='lat' dir='ltr'>quamn</span> 
     </span>
     <span class='ocr_line' id='line_1_37' title="bbox 227 3637 1276 3711; baseline -0.002 -19"><span class='ocrx_word' id='word_1_318' title='bbox 227 3659 296 3693; x_wconf 84' lang='lat' dir='ltr'>uuus</span> <span class='ocrx_word' id='word_1_319' title='bbox 320 3639 460 3711; x_wconf 87' lang='lat' dir='ltr'>apoculis</span> <span class='ocrx_word' id='word_1_320' title='bbox 489 3640 544 3707; x_wconf 72' lang='lat' dir='ltr'>regi</span> <span class='ocrx_word' id='word_1_321' title='bbox 569 3638 672 3702; x_wconf 80' lang='lat' dir='ltr'>iuerat,</span> <span class='ocrx_word' id='word_1_322' title='bbox 704 3641 774 3706; x_wconf 78' lang='lat' dir='ltr'>alter</span> <span class='ocrx_word' id='word_1_323' title='bbox 790 3641 884 3709; x_wconf 86' lang='lat' dir='ltr'>pistor.</span> <span class='ocrx_word' id='word_1_324' title='bbox 903 3641 945 3693; x_wconf 87' lang='lat' dir='ltr'>bis</span> <span class='ocrx_word' id='word_1_325' title='bbox 970 3642 1019 3692; x_wconf 89' lang='lat' dir='ltr'>iile</span> <span class='ocrx_word' id='word_1_326' title='bbox 1046 3659 1117 3696; x_wconf 81' lang='lat' dir='ltr'>nova</span> <span class='ocrx_word' id='word_1_327' title='bbox 1142 3653 1170 3695; x_wconf 92' lang='lat' dir='ltr'>et</span> <span class='ocrx_word' id='word_1_328' title='bbox 1185 3637 1276 3695; x_wconf 70' lang='lat' dir='ltr'>insulta</span> 
     </span>
     <span class='ocr_line' id='line_1_38' title="bbox 228 3705 1275 3785; baseline 0.003 -24"><span class='ocrx_word' id='word_1_329' title='bbox 228 3711 343 3782; x_wconf 84' lang='lat' dir='ltr'>quadam</span> <span class='ocrx_word' id='word_1_330' title='bbox 361 3713 466 3763; x_wconf 85' lang='lat' dir='ltr'>ratione</span> <span class='ocrx_word' id='word_1_331' title='bbox 494 3710 584 3762; x_wconf 85' lang='lat' dir='ltr'>sutura</span> <span class='ocrx_word' id='word_1_332' title='bbox 612 3709 762 3779; x_wconf 84' lang='lat' dir='ltr'>praedixit,</span> <span class='ocrx_word' id='word_1_333' title='bbox 789 3721 872 3782; x_wconf 79' lang='lat' dir='ltr'>atque</span> <span class='ocrx_word' id='word_1_334' title='bbox 890 3711 933 3762; x_wconf 89' lang='lat' dir='ltr'>iili</span> <span class='ocrx_word' id='word_1_335' title='bbox 950 3711 1080 3781; x_wconf 85' lang='lat' dir='ltr'>quidem,</span> <span class='ocrx_word' id='word_1_336' title='bbox 1104 3731 1121 3765; x_wconf 82' lang='lat' dir='ltr'>a</span> <span class='ocrx_word' id='word_1_337' title='bbox 1138 3705 1275 3785; x_wconf 71' lang='lat' dir='ltr'>poculistttli</span> 
     </span>
     <span class='ocr_line' id='line_1_39' title="bbox 230 3781 1275 3844; baseline 0.001 -12"><span class='ocrx_word' id='word_1_338' title='bbox 230 3784 333 3844; x_wconf 84' lang='lat' dir='ltr'>luerat,</span> <span class='ocrx_word' id='word_1_339' title='bbox 352 3783 507 3834; x_wconf 86' lang='lat' dir='ltr'>libertatem</span> <span class='ocrx_word' id='word_1_340' title='bbox 529 3782 599 3832; x_wconf 83' lang='lat' dir='ltr'>intra</span> <span class='ocrx_word' id='word_1_341' title='bbox 623 3781 742 3834; x_wconf 87' lang='lat' dir='ltr'>triduum</span> <span class='ocrx_word' id='word_1_342' title='bbox 770 3781 964 3835; x_wconf 85' lang='lat' dir='ltr'>restituendam</span> <span class='ocrx_word' id='word_1_343' title='bbox 988 3784 1152 3837; x_wconf 79' lang='lat' dir='ltr'>vaticinatus</span> <span class='ocrx_word' id='word_1_344' title='bbox 1181 3791 1275 3837; x_wconf 70' lang='lat' dir='ltr'>esem</span> 
     </span>
     <span class='ocr_line' id='line_1_40' title="bbox 229 3851 1232 3922; baseline 0.004 -21"><span class='ocrx_word' id='word_1_345' title='bbox 229 3854 408 3905; x_wconf 82' lang='lat' dir='ltr'>somniaverat</span> <span class='ocrx_word' id='word_1_346' title='bbox 431 3870 459 3903; x_wconf 89' lang='lat' dir='ltr'>se</span> <span class='ocrx_word' id='word_1_347' title='bbox 480 3851 515 3903; x_wconf 92' lang='lat' dir='ltr'>de</span> <span class='ocrx_word' id='word_1_348' title='bbox 542 3852 629 3903; x_wconf 88' lang='lat' dir='ltr'>tribus</span> <span class='ocrx_word' id='word_1_349' title='bbox 652 3852 809 3922; x_wconf 84' lang='lat' dir='ltr'>palmitibus</span> <span class='ocrx_word' id='word_1_350' title='bbox 830 3870 894 3905; x_wconf 81' lang='lat' dir='ltr'>uvas</span> <span class='ocrx_word' id='word_1_351' title='bbox 911 3854 939 3904; x_wconf 91' lang='lat' dir='ltr'>in</span> <span class='ocrx_word' id='word_1_352' title='bbox 959 3852 1078 3922; x_wconf 84' lang='lat' dir='ltr'>phialam</span> <span class='ocrx_word' id='word_1_353' title='bbox 1098 3855 1232 3908; x_wconf 81' lang='lat' dir='ltr'>Pharaouie</span> 
     </span>
     <span class='ocr_line' id='line_1_41' title="bbox 228 3922 1264 3992; baseline 0.005 -21"><span class='ocrx_word' id='word_1_354' title='bbox 228 3923 353 3990; x_wconf 87' lang='lat' dir='ltr'>primere,</span> <span class='ocrx_word' id='word_1_355' title='bbox 369 3939 401 3973; x_wconf 87' lang='lat' dir='ltr'>ac</span> <span class='ocrx_word' id='word_1_356' title='bbox 419 3922 518 3974; x_wconf 91' lang='lat' dir='ltr'>deinde</span> <span class='ocrx_word' id='word_1_357' title='bbox 536 3939 625 3992; x_wconf 80' lang='lat' dir='ltr'>regem</span> <span class='ocrx_word' id='word_1_358' title='bbox 645 3940 678 3975; x_wconf 87' lang='lat' dir='ltr'>ex</span> <span class='ocrx_word' id='word_1_359' title='bbox 698 3940 730 3975; x_wconf 86' lang='lat' dir='ltr'>ea</span> <span class='ocrx_word' id='word_1_360' title='bbox 746 3940 803 3975; x_wconf 89' lang='lat' dir='ltr'>non</span> <span class='ocrx_word' id='word_1_361' title='bbox 819 3924 967 3976; x_wconf 87' lang='lat' dir='ltr'>illabenter</span> <span class='ocrx_word' id='word_1_362' title='bbox 985 3923 1116 3978; x_wconf 76' lang='lat' dir='ltr'>hausisse.</span> <span class='ocrx_word' id='word_1_363' title='bbox 1136 3927 1230 3980; x_wconf 88' lang='lat' dir='ltr'>monuit</span> <span class='ocrx_word' id='word_1_364' title='bbox 1242 3933 1264 3970; x_wconf 65' lang='grc' dir='ltr'><strong><em>ιλ</em></strong></span> 
     </span>
     <span class='ocr_line' id='line_1_42' title="bbox 228 3990 1260 4064; baseline 0.001 -20"><span class='ocrx_word' id='word_1_365' title='bbox 228 4001 283 4044; x_wconf 89' lang='lat' dir='ltr'>tem</span> <span class='ocrx_word' id='word_1_366' title='bbox 303 3990 375 4042; x_wconf 91' lang='lat' dir='ltr'>bunc</span> <span class='ocrx_word' id='word_1_367' title='bbox 402 4001 435 4043; x_wconf 89' lang='lat' dir='ltr'>ut</span> <span class='ocrx_word' id='word_1_368' title='bbox 460 4009 565 4045; x_wconf 84' lang='lat' dir='ltr'>carcere</span> <span class='ocrx_word' id='word_1_369' title='bbox 586 3994 716 4046; x_wconf 87' lang='lat' dir='ltr'>liberatus</span> <span class='ocrx_word' id='word_1_370' title='bbox 738 3995 780 4045; x_wconf 90' lang='lat' dir='ltr'>sui</span> <span class='ocrx_word' id='word_1_371' title='bbox 799 4010 848 4064; x_wconf 94' lang='lat' dir='ltr'>per</span> <span class='ocrx_word' id='word_1_372' title='bbox 865 4003 1048 4063; x_wconf 89' lang='lat' dir='ltr'>contemptum</span> <span class='ocrx_word' id='word_1_373' title='bbox 1066 4014 1122 4050; x_wconf 92' lang='lat' dir='ltr'>non</span> <span class='ocrx_word' id='word_1_374' title='bbox 1134 3998 1260 4050; x_wconf 79' lang='lat' dir='ltr'>oblivisce</span> 
     </span>
     <span class='ocr_line' id='line_1_43' title="bbox 225 4063 1323 4134; baseline 0.005 -21"><span class='ocrx_word' id='word_1_375' title='bbox 225 4072 288 4113; x_wconf 88' lang='lat' dir='ltr'>tur:</span> <span class='ocrx_word' id='word_1_376' title='bbox 314 4078 377 4112; x_wconf 87' lang='lat' dir='ltr'>nam</span> <span class='ocrx_word' id='word_1_377' title='bbox 399 4063 492 4125; x_wconf 91' lang='lat' dir='ltr'>nullo,</span> <span class='ocrx_word' id='word_1_378' title='bbox 509 4064 601 4131; x_wconf 84' lang='lat' dir='ltr'>iuquit</span> <span class='ocrx_word' id='word_1_379' title='bbox 625 4064 704 4134; x_wconf 86' lang='lat' dir='ltr'>(Gen.</span> <span class='ocrx_word' id='word_1_380' title='bbox 721 4065 755 4130; x_wconf 69' lang='lat' dir='ltr'>[po</span> <span class='ocrx_word' id='word_1_381' title='bbox 780 4068 837 4134; x_wconf 67' lang='grc' dir='ltr'><strong><em>ιη),</em></strong></span> <span class='ocrx_word' id='word_1_382' title='bbox 866 4066 986 4117; x_wconf 77' lang='lat' dir='ltr'>facinore</span> <span class='ocrx_word' id='word_1_383' title='bbox 1011 4067 1151 4134; x_wconf 79' lang='lat' dir='ltr'>designato</span> <span class='ocrx_word' id='word_1_384' title='bbox 1176 4069 1201 4118; x_wconf 85' lang='lat' dir='ltr'>in</span> <span class='ocrx_word' id='word_1_385' title='bbox 1217 4064 1250 4112; x_wconf 76' lang='lat'>¹¹⁰⁸</span> <span class='ocrx_word' id='word_1_386' title='bbox 1310 4076 1323 4080; x_wconf 82' lang='grc'><strong><em>’</em></strong></span> 
     </span>
     <span class='ocr_line' id='line_1_44' title="bbox 231 4132 1256 4205; baseline -0.001 -19"><span class='ocrx_word' id='word_1_387' title='bbox 231 4146 350 4186; x_wconf 78' lang='lat' dir='ltr'>carceres</span> <span class='ocrx_word' id='word_1_388' title='bbox 374 4135 505 4201; x_wconf 78' lang='lat' dir='ltr'>compecti</span> <span class='ocrx_word' id='word_1_389' title='bbox 524 4150 632 4197; x_wconf 86' lang='lat' dir='ltr'>sumus,</span> <span class='ocrx_word' id='word_1_390' title='bbox 659 4133 706 4186; x_wconf 87' lang='lat' dir='ltr'>sed</span> <span class='ocrx_word' id='word_1_391' title='bbox 722 4142 834 4205; x_wconf 89' lang='lat' dir='ltr'>propter</span> <span class='ocrx_word' id='word_1_392' title='bbox 853 4137 1003 4189; x_wconf 76' lang='lat' dir='ltr'>castitatem</span> <span class='ocrx_word' id='word_1_393' title='bbox 1025 4137 1059 4190; x_wconf 83' lang='lat' dir='ltr'>sd</span> <span class='ocrx_word' id='word_1_394' title='bbox 1077 4138 1143 4190; x_wconf 81' lang='lat' dir='ltr'>haec</span> <span class='ocrx_word' id='word_1_395' title='bbox 1158 4132 1256 4205; x_wconf 73' lang='lat' dir='ltr'>flagiti·</span> 
     </span>
    </p>
   </div>
   <div class='ocr_carea' id='block_1_6' title="bbox 0 0 1346 4792">
    <p class='ocr_par' dir='ltr' id='par_1_6' title="bbox 0 0 1346 4792">
     <span class='ocr_line' id='line_1_45' title="bbox 0 0 1346 4792; baseline 0 0"><span class='ocrx_word' id='word_1_396' title='bbox 0 0 1346 4792; x_wconf 95' lang='lat' dir='ltr'> </span> 
     </span>
    </p>
   </div>
  </div>
 </body>
</html>
