2700 4792
241 230 322 330 240
580 253 796 320 urcuasus
825 254 990 322 urucas
1032 266 1035 273 ·

237 377 381 487 ¹solomoni
402 383 594 492 πεφευγέναι
612 407 713 492 καιρηῦ
734 407 799 467 τῶν
817 402 995 484 dissonos
1008 399 1105 484 τινάς,
1126 401 1250 468 κάκεῖσε
1267 427 1340 470 σοι

238 508 350 587 τηρίας
373 503 425 570 διά
448 502 484 569 τύ
506 501 590 585 ῦψος
609 513 725 586 τυχεῖν.
767 504 834 568 αλλ’
860 500 920 580 ἔξω
947 504 1118 584 βάλλουσιν
1139 503 1252 566 ἐκεῖνον
1270 525 1340 571 τιν,

240 604 377 684 σκοποῦ,
398 601 453 666 κατ’
472 611 528 684 τῆς
548 601 677 678 ιύθείας
692 601 800 688 πόρρω
822 624 882 664 που
908 602 1070 687 φέρονται.
1113 601 1146 664 εἰ
1163 600 1224 683 γάρ
1238 602 1340 682 dtur-3.

240 706 287 786 θη
307 700 377 767 τότε
400 700 436 764 τά
460 699 548 784 ὕδωρ
574 697 677 766 ἐπάνω
698 704 761 765 τάν
787 699 995 783 ὑψηλοτάτων
1018 693 1119 786 ὄρὲοον
1138 703 1193 765 ἐπί
1214 699 1340 784 πηχεσ.

241 803 477 882 πεντεκαάλτκα,
500 799 584 864 καθά
607 804 732 883 Μωσῆς
753 798 891 882 ἱστορεῖ,
915 801 972 864 οῦκ
991 791 1033 864 ds
1069 797 1177 863 ὁτιοῦν
1206 795 1340 867 riuales:

211 905 313 986 Βφθη
333 904 505 982 τηνικαῦτα
537 895 628 984 ὅρος,
659 898 702 977 ὥς
721 893 832 981 Ιοἶμαι,
853 895 929 974 τούς
959 900 993 963 ἒν
1022 892 1111 987 αύτῷ
1137 895 1340 986 πεφευγότας

243 1001 355 1082 ἰσχῦον
376 1000 524 1081 ἀβλαβεῖς
545 995 781 1063 διασώσασθαι.
1329 988 1336 997 ’

325 1095 368 1161 Ἡ
382 1099 489 1179 μέντοι
508 1096 640 1178 κιβωτὸς
658 1098 842 1182 τριακοσίων
860 1099 919 1179 μὲν
939 1097 1068 1181 πηχέων
1089 1095 1126 1161 sd
1148 1099 1247 1180 μῆκος
1264 1089 1324 1180 η’ν,

241 1196 431 1281 πεντήκοντα
463 1200 499 1262 δὲ
532 1194 568 1261 τά
591 1196 724 1280 πλάτος,
758 1195 793 1261 τὸ
823 1191 907 1279 ύψος
935 1195 1112 1281 τριάκοντα.
1165 1199 1266 1279 πῆχυν
1288 1200 1321 1261 di

242 1294 366 1360 duodus
385 1294 428 1379 μὴ
452 1294 597 1381 τοιαύτην
618 1290 700 1361 εἶναι
721 1295 830 1379 νόμιζε
862 1294 957 1360 ύποία
975 1298 1024 1372 τίς
1044 1298 1114 1360 ε’στι
1131 1299 1206 1379 παρ’
1225 1295 1312 1378 ἡμῖν,
1324 1319 1340 1359 ιι

240 1390 323 1457 silici
353 1393 572 1479 γεωμετρικήν.
629 1392 647 1458 o‘
673 1394 736 1479 γάρ
760 1397 886 1478 Μωσῆς
909 1396 1087 1477 γεωμέτρης
1108 1395 1142 1472 ἐξ
1163 1390 1312 1476 Αἰγύπτου

242 1488 287 1558 dv
307 1489 459 1576 τοιαύτην
481 1491 543 1579 ἔφη
565 1494 669 1584 πῆχυν
695 1492 750 1558 ἐπί
769 1497 826 1576 τῆς
848 1496 1001 1575 κιβωτοῦ,
1029 1488 1100 1576 ἥτις
1121 1490 1248 1577 ὄργυιῦν
1263 1513 1308 1572 με·

240 1591 347 1674 γίστην
369 1601 463 1656 ποιεῖ.
503 1595 623 1675 πρῶτοι
639 1589 700 1677 γάρ
722 1592 913 1674 Αἰγύπτιοι,
943 1588 1028 1656 καθά
1051 1616 1132 1678 φησι
1149 1589 1303 1674 Κύριλλος,

240 1687 300 1773 τήν
317 1696 514 1774 γνωμετρίαν
532 1714 626 1775 ευρον
645 1695 681 1758 ἐκ
700 1695 758 1755 τοῦ
780 1691 917 1756 άπλίτου
940 1694 997 1775 τῆς
1018 1694 1077 1775 γῆς
1097 1690 1155 1755 καί
1170 1693 1222 1774 τῆς
1240 1691 1301 1753 dsu-

243 1791 367 1870 ρέσεως.
387 1788 406 1873 ἦ
428 1792 464 1855 δὲ
486 1792 546 1877 rosio
568 1792 767 1878 φαινομένων
786 1792 908 1874 θεωρία
927 1792 1000 1874 παρ’
1014 1786 1163 1873 Ἓλλησιν
1184 1780 1325 1854 issisti-¹5

144 1893 305 1973 aastq,
326 1890 389 1953 τιῦν
404 1887 537 1975 πρώτων
564 1885 728 1973 τηρήσεων
748 1888 784 1953 ἐν
803 1891 975 1970 Βαβυλῶνι
1003 1891 1189 1971 γενομένων.
1225 1882 1254 1948 τὸ
1272 1880 1294 1943 δ’
1338 1890 1340 1908 ³

240 1990 316 2071 περί
335 1988 410 2061 τούς
438 1981 597 2070 ἀριθμούς
619 1981 681 2051 sini
705 1988 767 2052 τοῦν
784 1984 933 2073 ἐμπόρων
948 1987 1105 2052 Φοινίκων
1128 1979 1243 2070 ἤρξατο.
1258 1974 1296 2043 τοί

238 2089 314 2171 περί
331 2089 390 2168 μὲν
409 2086 528 2151 τούτων
549 2082 659 2162 σῦτως.

138 2265 139 2271 ¹
319 2185 416 2250 Μετά
440 2187 475 2249 di
496 2183 684 2251 πεντακόσια
702 2183 867 2268 τριάκοντα
890 2188 946 2251 καί
964 2187 996 2263 ἓξ
1017 2181 1071 2268 ἔτη
1093 2184 1150 2248 τοῦ
1170 2181 1292 2247 sosorit-

218 2285 323 2364 ,σμοῦ
349 2282 369 2365 ἦ
399 2285 456 2347 τοῦ
475 2285 595 2367 πύργου
630 2287 753 2366 γέγονεν
773 2281 971 2370 οἰκοδόμησις
978 2334 988 2365 ,
1009 2275 1318 2365 ματαιοπονηοάιτολλ0

239 2385 295 2446 ἐπί
320 2378 418 2469 ταύτῃ
453 2384 517 2447 ταῖν
546 2376 722 2468 ἀνθρώπων
759 2384 885 2448 ἐκείνων
917 2385 952 2448 ἐν
972 2380 1056 2447 ἔτεσι
1079 2377 1290 2467 τεσσαράκοντα·
1331 2404 1332 2407 “

240 2672 437 2736 historicorum,
458 2689 527 2743 quos
543 2673 617 2736 citat,
634 2673 730 2727 diluvii
746 2681 868 2746 tempore
890 2674 1020 2745 quosdam
1033 2673 1158 2726 homines
1176 2675 1201 2724 in
1217 2660 1289 2747 altini·

238 2759 311 2794 mum
329 2743 472 2796 Armeniae
489 2752 608 2797 montem
625 2745 791 2815 confugisse,
814 2756 896 2815 atque
921 2745 960 2796 ibi
986 2744 1069 2796 saluti
1087 2762 1153 2797 suae
1170 2760 1214 2814 per
1229 2743 1288 2810 ipsus
1330 2759 1331 2762 ¹

214 2814 338 2866 -snontis
369 2814 565 2868 sublimitatem
589 2816 765 2867 consuluisse.
791 2814 927 2868 verumbi
947 2831 1080 2884 bonolio,
1113 2814 1187 2884 quod
1204 2811 1288 2864 didius»

238 2885 398 2938 aberrarunt
417 2894 445 2942 st
463 2904 478 2936 a
499 2887 594 2937 semita
613 2895 686 2937 recta
704 2887 783 2954 longe
804 2881 979 2938 deflexerunt
999 2903 1061 2937 nam
1081 2885 1104 2935 si
1122 2902 1191 2954 aquo
1203 2883 1228 2934 id
1242 2889 1288 2931 τοῦ·

237 2957 310 3024 poris
329 2964 524 3025 supramontes
541 2973 664 3027 quosque
679 2957 882 3008 sublimissimos
901 2956 936 3007 ad
951 2957 980 3007 15
997 2971 1085 3025 nsque
1104 2957 1207 3007 cubitos
1223 2958 1288 3004 escit·

236 3027 291 3088 vit,
312 3026 538 3094 quemadmodum
563 3029 651 3079 Moses
678 3021 822 3079 memoriae
847 3026 985 3097 prodidit,
1013 3026 1106 3078 nullus
1132 3043 1191 3078 mea
1207 3019 1287 3094 quiden

237 3098 372 3147 sententis
387 3114 462 3148 mons
477 3099 597 3167 reliquus
615 3115 672 3149 esse
691 3099 797 3168 potuit,
812 3100 860 3168 qui
877 3116 892 3149 a
908 3098 1031 3168 periculo
1051 3105 1171 3150 servaret
1188 3095 1287 3147 immitti
1329 3131 1330 3135 ,

236 3174 374 3236 quotquot
391 3168 420 3218 in
439 3184 499 3219 eum
517 3169 708 3237 confugissent.

306 3237 390 3287 Arene
417 3239 501 3307 ipsius
528 3238 671 3308 longitudo
691 3240 743 3290 300
764 3238 870 3290 cubitos
896 3235 1030 3299 habebnt,
1046 3237 1167 3290 latitudo
1185 3238 1288 3308 quisqu*

236 3307 324 3375 ginta,
343 3308 460 3372 altitudo
481 3311 598 3376 triginta.
618 3327 677 3360 oum
693 3318 782 3360 nutem
800 3309 887 3361 cubiti
907 3308 1068 3359 vocabulum
1095 3308 1190 3371 nudis,
1206 3323 1251 3358 non
1262 3306 1288 3348 ί*

235 3378 289 3429 lem
308 3378 425 3446 intelligi
449 3387 545 3448 putato
593 3381 660 3432 unlis
688 3380 760 3449 npud
781 3397 831 3431 nos
849 3386 891 3430 est
911 3380 940 3429 in
960 3396 1023 3441 usu,
1050 3378 1098 3430 sed
1119 3378 1288 3448 geometriam-

235 3449 325 3500 Moses
345 3450 431 3512 euim,
449 3451 496 3520 qui
516 3399 592 3521 apud
598 3452 742 3519 Aegyptios
764 3458 849 3503 nrtern
867 3449 1030 3517 geometriae
1047 3448 1202 3513 didicisset,
1219 3449 1243 3498 in
1255 3441 1288 3490 Μ

235 3518 270 3570 de
289 3537 347 3571 srcn
374 3522 528 3573 narratione
555 3521 674 3572 cubitum
697 3521 830 3573 eiusmodi
850 3520 982 3588 intelligit
998 3519 1046 3589 qui
1065 3522 1208 3572 maximnm
1223 3518 1286 3567 ulnam
1330 3523 1331 3530 ’

235 3590 364 3642 efficeret.
383 3609 445 3642 nom
464 3592 587 3661 Aegyptii
606 3592 705 3661 primi,
726 3592 859 3644 referente
879 3590 997 3657 cyrillo,
1016 3594 1190 3657 geometriam
1206 3588 1287 3660 propier
1329 3643 1330 3646 ,

235 3660 441 3730 amplitudinem
463 3671 551 3713 terrae
569 3679 634 3714 suns
652 3664 765 3731 eiusque
784 3662 944 3714 divisionem
964 3670 1133 3729 repererunt,
1153 3679 1210 3714 cum
1225 3658 1286 3709 motat
1328 3673 1330 3702 ῑ

235 3730 356 3783 siderum
382 3732 561 3784 consideratio
589 3735 624 3784 sit
652 3750 668 3783 a
686 3733 795 3784 Graecis
819 3732 953 3803 perlecta,
981 3747 1098 3800 quorum
1115 3730 1286 3784 observatione·

235 3801 337 3921 grimae
362 3802 435 3873 apud
452 3803 614 3869 Babylonios
637 3803 805 3857 exstiterant.
838 3802 932 3855 itidem
964 3801 1088 3854 doctrina
1112 3797 1285 3855 τιιιιυοτοτιιιοΙ

258 3869 400 3924 boenicnm
418 3871 620 3926 mercatoribus
628 3883 669 3926 ost
685 3875 813 3943 prolecta.
835 3873 869 3925 de
887 3873 930 3925 bis
948 3871 1089 3926 hactenus.

306 3942 370 3993 Post
389 3960 474 3996 annos
493 3962 508 3995 ιι
528 3944 631 3996 diluvio
654 3946 705 3996 536
721 3947 804 3997 turris
823 3952 865 3996 est
882 3943 1042 4007 notificata,
1060 3942 1211 3995 bominibus
1225 3936 1284 4010 inf¹
1323 3984 1324 3989 ,

235 4012 401 4080 perficienda
418 4016 483 4066 totis
498 4016 532 4082 qo
544 4016 621 4066 annis
639 4015 773 4068 incassum
791 4014 986 4067 laborantibus.
1007 4013 1214 4066 cohortabantur
1228 4009 1282 4056 τίλλων

236 4098 285 4132 ceu
307 4083 395 4134 Moses
421 4085 500 4148 (Gen.
526 4103 552 4136 ιι
575 4088 602 4154 3)
624 4096 730 4150 narrat,
757 4087 873 4138 invicem
900 4095 932 4138 ut
958 4086 1056 4135 lateres
1082 4079 1282 4151 tacerentcoqt?

237 4160 366 4223 rentque,
390 4154 490 4224 quibus
521 4156 617 4210 urbem
642 4159 791 4228 turrimque
814 4155 868 4208 sibi
893 4164 1082 4219 exstruerent,
1112 4171 1180 4226 quas
1202 4145 1279 4204 lsstti'u
