2766 4800
135 311 145 317 ,
230 231 288 332 zlss
583 254 805 320 strennuus
836 254 999 322 elucet

230 408 312 472 οἷνδε
332 400 355 487 ἢ
373 404 503 468 τοιῶνδε
523 409 589 477 τοῖς
603 401 774 487 χρώμασιν
787 401 1017 470 ἀνατελλόντων
1030 403 1087 486 τήν
1099 425 1133 468 τι
1144 406 1331 489 χειμερινὴν

230 508 290 570 τοῦ
305 505 398 588 α’ἐρος
421 501 615 567 κατάστασιν
635 507 692 568 καί
702 502 760 589 τήν
775 502 932 588 cleastris
949 499 1179 586 σημειοδμεθα.
1202 506 1244 569 δι’
1264 507 1327 570 av‘-

230 607 295 668 soiv
309 601 343 666 ai
357 600 481 686 τροπαί,
499 603 543 664 δι’
555 601 665 666 αδταῖν
678 600 707 665 οἱ
718 605 833 687 καιροί,
847 598 903 684 ἔαρ
918 601 1050 684 δηλαδή,
1065 604 1170 682 θέρος,
1185 600 1330 684 μετόπω-

154 726 160 741 ’
232 725 290 787 ρον
304 701 361 767 καί
370 701 510 784 χειμων·
534 698 551 764 δ
565 698 626 784 γάρ
639 695 727 786 ἥλιος
742 700 799 768 τδν
814 698 970 780 ζωδιακὸν
982 702 1087 784 ἠρέμα
1103 700 1258 766 διοδεύων
1273 703 1330 767 κδ-

230 808 317 885 κλον,
331 803 387 865 καί
398 802 470 865 ποτὲ
483 803 542 882 μὲν
559 801 603 887 τῷ
618 800 753 890 καρκίνῳ
769 826 835 885 παρ
843 798 1029 882 αγενόμενος
1049 802 1123 864 ποτὲ
1141 803 1229 889 iliani
1245 803 1330 892 ζυγῷ
1336 816 1355 879 5

201 906 286 976 Βιιαί
312 896 421 965 cillere
447 895 544 965 ποὶλιν
564 901 598 964 ἐν
632 904 677 990 τῷ
698 904 900 986 αἰγοκέρωτι,
920 897 978 975 τὰς
999 901 1234 986 διαληφθείσας
1255 908 1329 967 τέσ-

228 1024 332 1086 σαρας
352 999 495 1086 εἰσφέρει
518 995 648 1081 τροπάς.
693 1001 736 1063 δι’
762 1000 868 1065 uires
890 997 924 1062 ui
948 998 1065 1083 ἡμέραι
1072 1048 1082 1079 ,
1105 1001 1146 1062 δι’
1167 1001 1275 1065 ου’τοῖν
1296 998 1328 1066 οἱ

228 1103 380 1166 ἐνιαυτοί.
433 1099 476 1189 τῷ
498 1095 559 1182 γδρ
582 1099 709 1188 ου’ρανρῖ
737 1097 1051 1184 συμπεριφερόμενος
1082 1097 1100 1162 δ
1132 1093 1221 1183 ἥλιος
1240 1109 1331 1164 ποιεῖ

227 1200 264 1266 τὸ
290 1201 511 1283 νυχθήμερον,
540 1199 608 1289 ι’δίρ
640 1199 676 1264 δὲ
703 1198 759 1286 τὴν
782 1193 901 1266 ἑαυτοῦ
930 1200 1118 1279 ποιούμενος
1141 1201 1249 1263 δίοδον
1271 1197 1328 1265 καὶ

227 1294 291 1363 alut
317 1297 433 1378 ζωδίοο
455 1300 667 1381 Ιμεταβαίνων
690 1301 737 1375 εἰς
770 1298 885 1378 ζωδιον
906 1297 962 1363 τὸν
978 1296 1127 1364 ἐνιαυτὸν
1147 1299 1324 1382 ἐκπληροῖ·
1337 1331 1366 1375 10

226 1396 370 1474 ἱνιαοιδς
397 1395 459 1481 γδρ
486 1391 580 1462 οὐδὲν
616 1390 694 1476 ἄλλο
718 1396 803 1464 ἐστίν
834 1397 945 1482 ἀλλ’ἢ
981 1397 1043 1462 α’πὸ
1066 1399 1127 1462 τοῦ
1149 1399 1249 1463 αὐτοῦ
1270 1401 1327 1463 καί

224 1494 293 1573 ἐνὸς
314 1500 448 1581 σημείου
480 1496 534 1562 ἐπί
552 1495 588 1561 τδ
613 1494 694 1561 αδτδ
719 1497 814 1563 πάλιν
835 1492 1106 1572 ἀποκατάστασις.
1165 1499 1269 1562 ταῦτα
1289 1500 1326 1564 δὲ

224 1593 352 1673 πάντως
375 1599 433 1660 ου’κ
453 1588 540 1675 δ’ξιον
560 1599 684 1681 α’γνοεῖν
697 1595 772 1673 τους
790 1591 932 1673 πιστούς.
973 1598 1120 1662 ἐντεῦθεν
1136 1594 1199 1681 γὰρ
1221 1595 1242 1680 ἦ
1266 1591 1327 1681 ἄρ-

225 1720 321 1780 ρητος
340 1699 399 1762 aori
419 1699 499 1760 θεοῦ
517 1698 619 1782 σοφία
634 1695 906 1779 καταλαμβάνεται
928 1698 983 1761 καί
1002 1692 1158 1778 δύναμις·
1199 1695 1241 1760 τιὶ
1263 1695 1324 1781 γαρ

195 1793 351 1879 cuipare
377 1795 496 1876 ου’τοῦ,
523 1790 611 1859 καθοὶ
640 1818 722 1881 φησι
749 1798 906 1875 Παῦλος,
937 1791 1001 1860 cini
1034 1792 1166 1873 κτίσεως
1199 1797 1323 1877 κόσμου
1336 1806 1366 1872 15

138 1904 291 1968 λλοοτοΐς
312 1893 470 1978 ποιήμασι
492 1892 651 1976 νοούμενα
674 1899 865 1978 καθορᾶται.
915 1893 1013 1982 ταύτῃ
1032 1917 1083 1960 τοι
1100 1896 1155 1960 καί
1174 1899 1326 1980 κατακρί-

221 2018 295 2070 τους
313 1996 450 2070 ἐκείνους
466 1992 483 2058 si
502 1997 602 2078 μέγας
622 1993 705 2081 φησί
711 1994 873 2077 Μάξιμος,
895 1989 965 2061 δσοι
990 1992 1043 2060 διδ
1065 1997 1122 2081 τῆς
1141 1997 1205 2062 τῶν
1226 1986 1325 2061 ὄντων

222 2097 329 2171 αι’τίας
350 2090 387 2158 οδ
408 2102 616 2179 χειραγωγεῖν
638 2096 786 2160 ἐθέλουσι
805 2094 862 2159 καί
880 2089 1027 2170 ἑαυτούς.

296 2174 406 2260 Ἐθετο
431 2197 531 2258 ταῦτα
563 2194 608 2268 είς
637 2202 752 2278 σημεῖα
786 2196 844 2258 καί
865 2195 911 2267 εἷς
930 2191 1074 2279 καιρούς.
1127 2194 1171 2281 τῷ
1191 2190 1322 2284 μεγοῖλρ
1347 2278 1351 2284 .

221 2297 384 2382 Βασιλείρι
406 2293 574 2357 κάνταῦθα
603 2294 772 2374 προσέχειν
791 2313 828 2356 σε
855 2283 952 2369 ἄξιον.
995 2293 1029 2359 ἐν
1047 2290 1111 2377 γὰρ
1134 2295 1175 2382 τῇ
1196 2294 1244 2369 εἰς
1265 2293 1366 2378 aimo

219 2391 396 2479 ὲξαήμερον
416 2393 487 2478 ἕκτῃ
510 2389 609 2455 αὐτοῦ
630 2388 739 2479 δμιλίρ
759 2390 836 2474 περί
853 2396 911 2475 τῆς
929 2394 992 2457 τῶν
1012 2394 1155 2477 α’στὲρων
1177 2418 1322 2479 παρατη.

220 2489 344 2576 ρήσεως
363 2490 420 2554 καί
435 2485 511 2556 τάδε
524 2490 633 2576 φησίν.
675 2490 832 2573 α’ναγκαία
852 2488 932 2576 πρὸς
951 2489 1006 2556 τδν
1027 2489 1230 2577 ἀ’νθρωπινον
1248 2496 1323 2575 βίον

290 2662 314 2713 5.
334 2658 589 2733 παραγινόμενοςὲ

218 2814 264 2871 vel
282 2815 334 2867 hoc
351 2815 396 2867 vel
424 2814 473 2866 illo
498 2813 579 2866 modo
605 2814 725 2865 colorato
751 2815 889 2878 oriuntur,
908 2822 956 2866 aut
972 2813 1110 2867 turbidam
1130 2824 1178 2869 ont
1196 2832 1322 2875 serenam

220 2888 291 2940 airis
316 2886 540 2938 constitutIonom
563 2885 621 2935 lore
639 2894 771 2936 notemus.
799 2901 848 2954 ρει
868 2901 900 2936 ea
919 2886 1109 2938 conversiones
1127 2888 1193 2938 anni
1211 2896 1322 2960 tempo.

220 2975 278 3009 rum
299 2958 411 3028 ipsaque
429 2964 552 3024 tempora
571 2955 741 3019 efficiuntur,
758 2955 885 3007 nimirum
897 2974 944 3008 vcr
961 2966 1048 3009 nester
1069 2965 1212 3009 auterannus
1222 2958 1322 3018 hiems.

221 3030 322 3081 etenim
344 3028 385 3078 sol
402 3026 532 3077 circulum
551 3024 629 3076 illum
652 3042 734 3097 quem
752 3026 894 3078 Zoclincunr
915 3035 1013 3079 vocent
1033 3029 1132 3079 sensim
1150 3045 1322 3098 percurrens,

220 3099 284 3150 «lum
303 3095 385 3149 modo
404 3098 434 3148 in
454 3095 556 3147 Concro
576 3095 661 3149 fertur
678 3095 758 3148 modo
777 3098 806 3148 in
826 3098 906 3150 Librn
922 3097 1004 3150 ruodo
1026 3099 1056 3150 ln
1075 3098 1260 3169 Capricorno,
1280 3104 1323 3155 si·

219 3186 264 3221 ces
285 3169 346 3219 illas
364 3168 429 3221 enni
447 3174 598 3251 temporum
620 3177 749 3238 quattuor
766 3168 899 3220 indicatas
921 3169 1012 3221 elficit
1029 3186 1079 3239 per
1097 3169 1192 3222 eudem
1213 3180 1242 3224 et
1260 3172 1323 3225 dies

219 3240 376 3291 efficiuntur
404 3246 432 3289 et
449 3254 523 3289 enni.
554 3255 616 3288 nam
635 3256 689 3290 rina
712 3256 771 3290 eum
790 3239 867 3291 coelo
886 3240 927 3292 sol
945 3241 1137 3292 circumvectus
1155 3251 1323 3296 nocturnum

219 3309 402 3380 diurnumque
422 3309 539 3377 spatium
557 3308 682 3362 absolvit.
700 3309 774 3362 idern
794 3311 893 3362 itinere
911 3327 959 3362 suo
979 3312 1155 3381 peculiariter
1179 3314 1322 3381 obsolute,

219 3374 309 3452 deque
327 3380 403 3450 signo
423 3377 458 3430 ad
476 3380 582 3448 signum
603 3396 764 3446 commeans,
783 3383 847 3433 enni
867 3384 983 3452 spatium
1002 3383 1120 3452 perlicit:
1139 3399 1226 3435 onnus
1245 3387 1321 3438 enim

218 3450 295 3503 nllud
313 3449 384 3502 nihil
402 3458 442 3501 est
460 3467 541 3520 quam
559 3449 593 3500 ab
610 3467 666 3504 nno
686 3451 780 3505 eodem
803 3455 925 3522 nesigno
944 3452 980 3504 ad
998 3453 1069 3505 illud
1087 3455 1175 3525 ipsum
1191 3455 1259 3507 solis
1276 3475 1322 3509 re-

217 3523 315 3576 versio.
330 3521 399 3573 hoec
416 3522 528 3573 omnino
542 3522 675 3590 religiosis
688 3469 844 3577 hominiiuu
858 3525 950 3592 ignote
969 3540 1026 3576 esso
1044 3524 1100 3576 non
1121 3524 1233 3578 debent.
1255 3545 1321 3580 nans

219 3593 254 3644 ‹le
275 3592 316 3646 his
335 3593 472 3664 sapientie
500 3600 677 3664 potestasque
696 3594 758 3660 dei,
785 3610 856 3666 quae
875 3595 998 3647 orotione
1019 3597 1123 3647 nemini
1145 3597 1246 3666 exponi
1267 3616 1322 3669 po.

216 3671 289 3728 test,
310 3664 468 3734 percipitur.
496 3664 598 3717 etenim
620 3680 691 3735 quae
717 3674 781 3718 sunt
800 3666 858 3717 eius
876 3664 1120 3735 inadspeotabilia,
1139 3668 1317 3737 quemadmo-

218 3739 282 3786 dum
301 3735 398 3787 Peulus
418 3734 505 3806 (Rom.
530 3751 539 3786 ι
565 3739 608 3805 ιο)
633 3736 687 3799 eit,
715 3752 747 3788 ee
764 3735 800 3787 (le
817 3736 913 3788 mundi
933 3735 1085 3801 creatione,
1105 3736 1170 3788 dum
1188 3740 1321 3792 conside-

217 3814 309 3857 rantur
334 3823 383 3876 per
403 3821 501 3876 opera,
520 3806 727 3876 perspiciuntur.
755 3815 899 3877 propterea
922 3805 1092 3859 damnabiles
1114 3809 1178 3860 illos
1197 3810 1239 3862 eit
1258 3828 1320 3864 ease

215 3875 367 3940 Maximus,
386 3876 544 3947 quicunque
564 3893 614 3947 per
631 3878 815 3947 cognitionem
833 3878 1016 3930 universitatis
1043 3894 1132 3931 rerum
1151 3877 1187 3931 nd
1207 3897 1319 3935 cenum

216 3948 302 4019 ipsius
321 3947 506 4001 universitatis
526 3964 584 4000 sese
623 3951 681 4002 nesi
699 3949 883 4001 manuducere
902 3949 1010 4001 nolunt„

288 4017 355 4068 Cum
372 4027 463 4070 eutem
491 4017 546 4070 dici
567 3966 644 4072 auiis
679 4021 843 4085 „constituit
864 4035 895 4071 en
913 4021 943 4073 in
964 4022 1040 4091 signa
1058 4027 1087 4072 et
1103 4023 1264 4091 tempere‚’'
1280 4023 1320 4076 si.

214 4087 272 4140 mul
290 4088 400 4141 adverte
420 4086 487 4158 quid
503 4107 519 4138 n
536 4090 637 4142 Basilio
655 4091 789 4147 tradatur.
814 4108 877 4142 nam
893 4092 922 4144 in
938 4092 1073 4144 concione
1091 4090 1126 4144 de
1144 4109 1192 4143 sex
1211 4091 1319 4146 dierunt

215 4159 345 4231 operibns
366 4175 480 4213 numero
500 4169 576 4212 sexta
591 4158 748 4217 huiuamodi
769 4161 902 4234 quiedam
932 4161 968 4216 de
985 4161 1104 4217 alterum
1121 4162 1317 4221 observatione
