2766 4800
218 224 270 327 6Α
549 246 765 312 menaeus
797 248 960 315 osseas
1046 280 1049 284 ι
1088 261 1089 265 ¹

217 395 327 481 ἐπειδὴ
347 393 409 481 γάρ
429 358 480 459 ’τά
503 398 638 478 θεμέλια
666 398 1103 484 καταβάλλοιααινπρότερον,
1126 390 1188 464 εἶθ’
1203 394 1306 473 οὕτως

217 497 235 563 ὃ
257 491 384 584 ὄροφος,
405 491 472 559 ἔδει
491 493 616 573 πάντας
629 497 838 583 παραχθῆναι
858 495 914 581 τὴν
931 494 993 582 γῆν
1010 496 1065 563 καί
1088 496 1161 563 τότε
1182 496 1235 562 τὸν
1251 492 1306 561 od-

217 596 322 685 ρανόν.
349 591 430 660 άλλοὶ
451 592 496 678 μὴ
519 594 666 678 θαύμαζε
693 595 804 661 τούτου
826 600 937 667 ἕνεκεν.
988 596 1096 681 incidi
1117 588 1178 682 γάρ
1200 593 1304 662 πάντα

201 700 275 764 *rosi
301 695 384 761 θεοῦ
407 690 488 779 ὖιιὲρ
510 694 608 780 φάσιν
635 695 705 762 ἐστι’
729 695 786 761 καὶ
814 698 924 780 τέχνης
953 697 1165 781 α’κολουθιαν,
1196 695 1306 765 καινὸν

215 793 343 872 πάντας
364 794 457 860 addis
492 793 555 877 εἴγε
587 795 641 859 καί
662 794 715 860 εἰιί
733 797 789 878 τῆς
807 799 863 860 τοῦ
881 793 1001 878 κόσμου
1020 796 1133 861 τούτου
1154 799 1333 880 παραγω-5

214 901 274 980 γῆς
293 894 350 960 τόν
375 891 513 977 ου’ρανόν
533 895 659 978 εἰιοιήσε
673 893 843 981 πρότερον,
867 889 935 960 εἶτα
954 895 1013 979 τὴν
1033 897 1101 979 γῆν.
1120 896 1123 903 ’
1143 893 1199 960 κατ’
1219 891 1306 961 uduo

214 1000 275 1078 μὲν
295 993 313 1060 ὅ
333 992 502 1070 θειότατος·
515 992 683 1078 Ἰωάννης·
738 997 839 1079 ἕτεροι
861 996 897 1059 di
916 1019 1015 1081 φασιν
1036 991 1086 1061 ὅτι
1107 991 1124 1060 ὅ
1144 996 1307 1078 α’ριοτοτὲν

213 1119 293 1179 χνης
312 1092 390 1169 θεάς
416 1090 470 1158 τὸν
491 1093 629 1176 οάρανὸν
655 1091 808 1181 πρότερον
828 1091 1038 1179 ιιαραγαγάν,
1056 1088 1126 1159 εἶτα
1148 1092 1208 1177 τὴν
1225 1095 1307 1175 γῆν,

215 1193 397 1281 αἰιόρρητον
417 1194 519 1257 adseri
539 1197 657 1280 σοφίαν
679 1197 735 1259 κατ’
754 1196 866 1279 τέχνην
877 1195 1088 1278 παρέστησεν.
1106 1189 1216 1276 ἐπειδὴ
1232 1190 1307 1276 γάρ,

152 1289 259 1369 ursis
283 1294 301 1358 ὁ
324 1292 364 1358 τά
387 1298 462 1357 θεῖα
483 1291 584 1378 σοφὰς
602 1295 634 1357 Γ
630 1293 775 1379 ρργόριος
796 1292 812 1358 ὃ
835 1289 967 1377 Νάσρης
986 1291 1084 1379 φησὶν
1104 1287 1154 1357 άτι
1172 1290 1226 1355 διά
1251 1294 1308 1376 τῆς
1321 1314 1357 1357 ro

216 1392 320 1472 ὀξείαις
338 1393 488 1477 κινήσεως
515 1395 576 1457 τοῦ
596 1392 750 1477 οὐρανίου
780 1394 927 1475 σώματος
947 1390 1119 1477 ἑδράζετοιι
1141 1389 1219 1456 κατά
1240 1391 1309 1474 γά·

216 1492 312 1576 ραςῆ
334 1496 375 1577 γῆ
394 1491 450 1556 κατ’
483 1492 710 1578 συοφάγγεται,
730 1489 847 1580 ἔπρεπε
867 1493 992 1570 πάντως
1011 1491 1066 1557 τὸν
1082 1493 1225 1574 ὀυνοχέα
1247 1516 1309 1555 τια-

216 1593 381 1676 ραχθῆναι
402 1591 577 1675 πρότερον,
610 1584 679 1656 εἶτα
694 1578 753 1656 ’τὸν
773 1587 994 1673 συνεχόμενον.
1035 1592 1067 1655 εἰ
1086 1588 1121 1656 dl
1142 1587 1198 1654 uui
1215 1590 1311 1654 πλέον

216 1686 428 1775 ἑααιιορήσειέ
448 1714 496 1766 τις
517 1691 680 1768 ἐνταῦθα,
702 1692 770 1765 πῶς
789 1689 810 1775 ἦ
831 1695 883 1774 γῆ,
906 1690 1023 1773 λέγων,
1045 1689 1104 1753 ουίι
1124 1690 1234 1772 ἐξέστη
1253 1688 1311 1771 τῆς

217 1790 336 1881 οἰκείας
357 1785 482 1870 βάσεως
516 1785 666 1872 ἀκινήτου
686 1792 743 1853 τοῦ
767 1783 908 1875 οὐρανοῦ
928 1785 1105 1872 γεγονότος,
1124 1782 1168 1862 ὥς
1188 1787 1223 1848 έν
1244 1794 1312 1863 τοῖς
1325 1790 1360 1856 ι5

217 1885 298 1971 πρὸς
321 1888 503 1952 Θαλάσοιον
526 1883 542 1950 ὅ
573 1889 672 1971 μέγας
693 1886 869 1969 Μάξιμος,
900 1887 993 1972 ἡνίκα
1014 1886 1030 1952 ὅ
1056 1889 1116 1953 τοῦ
1136 1887 1233 1969 Ναυῆ
1251 1884 1314 1968 Ἰη-

217 1987 297 2064 οοὸς
315 1981 402 2069 ἔλεγε
430 1986 553 2071 „ositos
586 1985 603 2050 ὅ
625 1984 712 2071 ἥλιος
734 1985 814 2052 κατά
843 1989 875 2052 Γ
872 1988 965 2070 abaci
984 1988 1041 2052 καί
1060 1985 1080 2070 ἦ
1101 1981 1215 2069 σελήνη
1231 1983 1313 2049 κατά

218 2083 372 2172 φάραγγα
391 2080 548 2169 Αἰλιόμ,”
577 2087 650 2151 τότε
681 2083 762 2170 πρὸς
793 2083 893 2151 αιῖτὸν
914 2088 1049 2170 ἐροῦμεν
1067 2080 1115 2150 ὅτι
1136 2079 1215 2147 ὅπου
1237 2081 1316 2165 βοά·

219 2197 309 2255 λεται
339 2192 359 2255 ’ὁ
375 2188 479 2272 θεός,
511 2197 635 2257 νικᾶται
666 2190 795 2279 φάσεως
824 2189 924 2270 τάξις.
973 2194 1004 2256 εἰ
1022 2188 1085 2276 γάρ
1116 2192 1150 2256 ἐν
1170 2193 1208 2279 τῇ
1225 2193 1318 2294 ‘seps'
1361 2233 1366 2238 -

190 2293 322 2361 Βαάτοῦ
342 2288 379 2355 τά
404 2293 526 2374 κέρατα
548 2293 603 2374 τῆς
620 2292 697 2372 γῆς,
720 2293 751 2355 εἰ
769 2295 825 2355 καί
844 2288 921 2366 τούς
943 2288 1079 2366 στύλους
1098 2294 1156 2375 τῆς
1175 2293 1233 2374 γῆς
1255 2291 1366 2355 usi-no

219 2385 275 2466 τὸς
296 2389 483 2473 ἐστερέωσε,
504 2388 590 2454 καθά
612 2413 712 2477 φησιν
737 2384 754 2452 ὅ
775 2392 901 2473 duddi,
923 2391 954 2454 si
971 2393 1163 2473 ἑθεμελίυστ
1182 2387 1240 2475 τήν
1256 2393 1318 2476 γῆν

292 2568 319 2637 d.
335 2566 498 2623 ἀκόλουθον
513 2567 543 2620 F.

225 2713 307 2776 dere,
338 2713 387 2782 qui
416 2711 521 2765 coelum
549 2712 624 2782 prius
650 2710 819 2776 condiderit,
846 2729 878 2765 nc
898 2711 1000 2765 deinde
1027 2720 1133 2766 terram.
1162 2729 1225 2765 cum
1241 2714 1318 2770 'enim

223 2785 319 2855 priore
334 2783 396 2835 loco
416 2783 592 2835 fundamenta
617 2784 767 2848 iaciuntur,
786 2792 869 2853 etque
895 2785 934 2837 ita
952 2783 1054 2835 deinde
1071 2791 1175 2837 tectum
1192 2786 1319 2855 impona·

225 2863 271 2908 tur
289 2850 432 2917 aedificiis,
453 2855 564 2906 omnino
584 2862 655 2906 terro
672 2855 746 2924 prius
764 2855 795 2906 in
813 2863 902 2907 ortum
919 2853 1096 2925 producenda
1114 2863 1189 2917 erst,
1208 2872 1240 2907 sc
1258 2864 1320 2909 tum

198 2971 201 2977 .
227 2925 336 2978 demum
366 2926 472 2977 coelum
495 2941 606 2995 quoqne
624 2924 779 2977 creandum.
797 2942 889 2978 verum
911 2927 992 2978 aliter
1010 2926 1096 2995 egisse
1115 2925 1195 2978 deum
1212 2943 1322 2998 neque-

227 3013 309 3066 quam
328 2996 381 3048 tibi
395 2997 493 3047 mirum
509 2995 642 3049 videatur.
666 3014 729 3047 num
746 3013 808 3048 cunr
827 3014 909 3067 opera
927 2997 1013 3067 ipsius
1034 2997 1125 3049 omnia
1145 3005 1259 3049 naturae
1277 2998 1322 3050 le-

228 3083 274 3135 ges
293 3066 427 3119 excedant
448 3075 476 3118 et
496 3082 604 3118 omnem
621 3068 687 3120 artis
704 3069 817 3131 seriem,
835 3069 906 3119 nihil
922 3085 1031 3132 novum,
1049 3069 1071 3119 si
1088 3070 1170 3119 etiam
1188 3069 1219 3120 in
1238 3086 1322 3121 mun·

229 3138 257 3188 di
276 3138 413 3188 creatione
431 3137 539 3189 coelum
558 3138 650 3208 priore
668 3139 739 3202 loco,
756 3147 856 3191 terram
877 3137 997 3191 secundo
1017 3139 1148 3192 condidit.
1168 3138 1220 3191 hoc
1236 3140 1322 3191 modo

218 3208 339 3260 'divinus
361 3209 410 3259 ille
427 3208 561 3261 lohannes
583 3202 654 3260 banc
680 3208 880 3262 dubitationem
905 3209 1056 3279 explicavit
1078 3210 1125 3261 alii
1142 3226 1206 3262 vero
1225 3209 1325 3263 dicunt

229 3278 311 3330 deum
330 3296 463 3330 summum
481 3281 612 3332 artificem
629 3281 746 3350 primum
769 3280 847 3333 coelo
865 3281 975 3332 condito
995 3280 1096 3333 deinde
1113 3289 1213 3332 terrem
1231 3298 1324 3334 cress-

228 3366 276 3413 se,
302 3357 335 3401 ut
358 3348 411 3401 boc
430 3351 494 3420 ipso
518 3352 685 3403 ineffabilem
710 3352 872 3422 sapientiam
893 3360 1034 3421 artemque
1063 3368 1138 3403 susm
1162 3351 1323 3404 declararet.

228 3438 291 3472 nam
309 3437 368 3471 cum
393 3420 427 3472 de
445 3423 581 3474 sententia
605 3422 729 3492 Gregorii
746 3423 904 3490 Nyssensis,
921 3422 1041 3474 hominis
1060 3439 1149 3473 rerum
1167 3422 1324 3476 divinarum

227 3491 400 3561 peritissimi,
430 3508 480 3560 per
515 3493 641 3545 coelestis
665 3494 784 3563 corporis
809 3503 913 3546 motum
938 3494 1107 3546 celerrimum
1131 3509 1180 3544 suo
1205 3493 1236 3545 in
1259 3494 1324 3547 loco

226 3570 301 3615 terra
319 3562 474 3614 stabiliatur
492 3572 520 3616 et
540 3565 619 3634 quasi
636 3566 844 3633 constringatur,
872 3565 982 3616 omnino
1002 3563 1182 3616 conveniebat
1199 3563 1230 3615 id
1245 3566 1324 3634 prius

228 3633 315 3685 creari
335 3632 410 3703 quod
428 3635 542 3685 alterum
561 3636 715 3687 contineret
740 3653 820 3705 quam
840 3635 915 3707 qnod
931 3637 1125 3687 contineretur.
1150 3634 1249 3704 quodsi
1269 3637 1324 3688 ism

230 3705 292 3773 quis
318 3705 436 3773 amplius
460 3704 584 3770 dubitet,
608 3706 662 3775 qui
682 3706 783 3757 factum
810 3707 847 3758 sit
870 3715 902 3760 ut
919 3715 991 3758 terra
1019 3705 1053 3756 de
1072 3705 1250 3758 fundamento
1270 3723 1327 3759 suo

229 3791 286 3826 non
304 3774 388 3827 luerit
406 3783 512 3839 emota,
544 3794 598 3846 quo
623 3785 745 3846 tempore
773 3778 879 3830 coelum
898 3795 953 3829 non
971 3775 1126 3846 agitabatur
1141 3785 1250 3829 motuve
1270 3794 1323 3829 suo

229 3843 371 3897 serebatur
389 3845 471 3916 (banc
490 3848 561 3900 enirn
580 3849 768 3919 quaestionem
797 3849 911 3900 eximius
932 3849 980 3900 ille
998 3848 1129 3899 Maximus
1148 3849 1177 3899 in
1197 3848 1232 3899 iis
1249 3864 1324 3919 quse

185 3933 189 3948 ·
229 3915 265 3966 sd
284 3915 455 3968 Thalassium
480 3919 588 3988 scripsit
607 3924 708 3988 movet)
734 3921 796 3971 lesu
813 3919 887 3971 Nave
904 3919 933 3970 F.
956 3918 1066 3970 dicente
1093 3920 1152 3982 „sol
1173 3918 1246 3987 apud
1267 3918 1326 3971 Ga-

228 3985 344 4038 baoncm
364 3987 495 4041 subsistat
514 4000 541 4042 et
560 3992 623 4043 luna
642 3989 677 4043 ad
686 3991 785 4044 vallem
794 3990 955 4055 delonem;”
975 3991 1001 4042 ei
1020 3989 1253 4059 respondebimus,
1273 3989 1325 4043 ubi

230 4055 298 4108 <leus
315 4059 396 4121 velit,
424 4060 545 4112 ordinem
564 4071 676 4114 naturae
700 4062 780 4113 vinci.
807 4078 869 4112 nam
886 4062 909 4113 si
928 4062 986 4113 eius
1004 4061 1032 4111 in
1050 4078 1131 4111 manu
1150 4068 1215 4112 sunt
1232 4067 1325 4113 terrae

230 4128 390 4195 immori
416 4139 505 4186 terrac
523 4133 661 4188 columnas
689 4133 748 4207 ipse
777 4131 930 4199 stabilivit,
958 4141 989 4188 ut
1005 4131 1123 4193 [irrides
1142 4131 1280 4203 loquitar,
1300 4132 1325 4186 si
