2722 4800
205 85 261 196 76
534 111 750 182 urcitanus
780 110 942 202 carcaa

202 263 292 351 ἅγιον
312 264 349 332 τό
384 267 440 353 τῆς
459 270 551 345 θείας
576 268 632 332 καί
657 267 816 349 μακαρίας
842 260 970 345 τριόδος
991 253 1289 346 σομπληριοτικύν),

202 365 258 431 καί
275 364 395 449 ταύτην
413 365 661 452 προσδεξάμενος
680 364 737 450 τήν
764 362 907 429 διάνοιαν
925 362 1055 444 μείζονα
1074 357 1132 442 την
1151 361 1208 421 α’π·
1229 357 1289 423 αύ-

129 480 132 489 ’
202 467 258 549 τῆς
279 465 436 550 ὠφέλειαν
463 463 622 548 εύρήσεις.
677 466 849 550 ἐπεφέρετο
877 456 994 546 γάρτό
1018 459 1162 537 πνεῦμα,
1184 455 1290 520 καδό-

203 588 262 649 περ
284 565 386 649 Σύρος
415 588 463 640 τις
492 560 579 648 ἔλεγε
604 560 789 642 θαυμαστός
820 558 915 645 α’νὴρ,
948 555 1021 623 όντί
1049 557 1290 620 retineantur

117 667 257 728 Ὴικαί
275 659 435 746 ἐζωογόνει
463 661 519 747 την
548 666 611 728 τῶν
639 661 767 725 ύδύτιον
802 658 899 747 φύσιν
920 654 1001 722 κατὰ
1022 652 1081 741 τὴν
1103 651 1209 718 εἰκόνα
1230 657 1351 736 τῆςΞ

201 760 404 849 ἐπιραζούσης
425 754 553 846 ὄρνιθος
571 762 626 827 καί
655 757 788 844 ζατικην
807 783 877 823 τινα
899 757 1035 836 δύναμιν
1055 751 1198 836 ἑνιούσης
1221 762 1290 830 τοϊς

190 860 492 942 όποδαλπομένοις,
524 860 568 934 uic
586 862 733 925 ἐντεῦθεν
753 861 865 945 σοφῶς
889 856 1138 920 ἀποδείκνυσθαι
1158 849 1208 918 ότι
1229 853 1289 917 ου’.

127 954 133 963 ’
202 963 238 1024 δὲ
255 962 319 1043 ζτῆς
351 962 575 1046 δημιουργικῆς
602 960 761 1045 ἐνεργείας
791 956 826 1023 τό
848 959 971 1039 πνεῦμα
989 951 1025 1019 τό
1048 949 1137 1037 ἅγιον
1157 951 1289 1016 ἀπολεί-

201 1062 328 1123 πεται.”

122 1164 193 1234 δίο
283 1160 354 1223 Καί
380 1161 518 1225 τοσαύτα
542 1161 602 1241 μὲν
628 1161 703 1242 περί
729 1159 793 1223 τόν
821 1154 956 1239 ἰχθύων.
999 1152 1175 1217 ἀκόλουθον
1195 1153 1225 1214 δ’
1248 1145 1340 1221 aiv:

200 1255 326 1342 εἴηκαὶ
350 1259 425 1341 περί
449 1260 513 1322 τῶν
539 1259 687 1324 πετεινῶν
714 1258 805 1340 όλίγα
828 1257 1019 1334 διεξελθεῖν,
1040 1248 1091 1315 ότι
1108 1255 1164 1316 καί
1183 1256 1288 1317 ταῦτα

200 1361 234 1434 ἐξ
253 1353 379 1421 ύδύτων
392 1353 448 1440 τήν
459 1360 580 1442 γένεσιν
597 1355 720 1442 ἔσχηκε.
740 1350 865 1439 διόγόρ
887 1354 979 1418 τούτο
993 1353 1049 1416 καί
1065 1349 1230 1434 συγγένειά
1241 1376 1289 1427 τις

200 1454 352 1540 πρόσεστι
378 1457 503 1532 τούτοις
523 1454 601 1540 πρός
624 1455 663 1522 τό
685 1455 795 1539 νηκτό.
838 1451 895 1518 κατ’
913 1450 975 1539 γὰρ
997 1447 1102 1534 οἷσπερ
1123 1449 1154 1516 οἱ
1173 1451 1290 1533 ἰχθύες

198 1554 236 1618 τό
257 1549 344 1637 ύδωρ
365 1556 522 1639 τέμνουσι,
545 1558 585 1644 τῇ
604 1560 664 1637 μὲν
684 1554 805 1639 κινήσει
824 1557 886 1619 τεόν
904 1549 1068 1637 πτερύγων
1086 1551 1132 1628 εἷς
1151 1548 1187 1614 τό
1209 1553 1290 1633 πρό·

199 1669 257 1720 σω·
271 1658 471 1738 χωροῦντες,
500 1657 539 1743 τῇ
573 1657 609 1720 δὲ
637 1657 695 1721 τού
714 1649 849 1738 ούραιόυ
868 1655 1030 1739 μεταβολῇ
1064 1647 1120 1727 τός
1139 1673 1174 1715 τε
1195 1674 1315 1733 neor-r

200 1752 342 1840 στροφὰς
373 1750 428 1818 καί
455 1753 514 1830 τός
543 1757 672 1831 εύδείας
695 1753 797 1839 όρμύς
830 1751 957 1829 ἑαυτοῖς
976 1753 1182 1831 οίοκίζοντες,
1205 1747 1288 1817 ούτω

200 1857 255 1918 καί
274 1853 328 1920 ἐπί
355 1857 420 1919 τόν
440 1858 562 1940 πτηνῶν
584 1854 670 1921 ἔστιν
696 1858 777 1921 ἰδεῖν
797 1853 1031 1938 διανηχομίνων
1047 1849 1104 1915 τόν
1122 1845 1205 1933 ἇὲρα
1224 1858 1290 1925 τοϊς

200 1963 326 2038 πτεροῖς
357 1951 437 2019 κατύ
461 1953 518 2019 τόν
547 1949 657 2036 όμοιον
689 1952 820 2038 τρόπον.
876 1949 927 2017 ότι
954 1953 990 2015 δδ
1015 1953 1049 2029 ἔξ
1076 1946 1203 2014 ύδότοιν
1222 1958 1289 2025 τοῖς

202 2062 353 2128 πετεινοῖς
374 2054 392 2137 ἦ
413 2055 551 2136 γένεσις,
588 2053 642 2118 διὰ
667 2057 758 2120 τούτο
781 2056 839 2118 καί
856 2055 957 2117 ταῦτα
979 2047 1083 2116 πάντα
1102 2057 1167 2124 τοῖς
1190 2046 1290 2115 όδιισι

202 2154 372 2234 χαίρουσι·
396 2151 477 2236 πλήν
496 2175 533 2235 γε
552 2145 604 2216 ότι
625 2146 719 2218 ου’δὲν
738 2155 801 2217 τόν
823 2155 946 2237 πτηνῶν
968 2143 1070 2214 ἄπουν
1093 2147 1146 2213 διό
1168 2145 1205 2214 τό
1228 2151 1288 2213 πό·
1298 2166 1352 2215 21

203 2274 237 2314 σι
260 2248 316 2335 την
338 2247 461 2314 δίαιταν
484 2245 547 2314 rino
568 2255 624 2335 τῆς
642 2253 700 2336 γῆς
725 2249 894 2335 ύπύρχειν.
937 2249 991 2315 καί
1010 2247 1112 2315 πύντα
1137 2248 1291 2331 α’ναγκαί-

175 2362 267 2424 Boc·
310 2355 375 2424 τοῖς
397 2347 537 2436 μὲνγὰρ
558 2349 760 2437 ἆρπακτικοῖς
780 2348 860 2437 πρός
879 2345 935 2436 την
954 2345 1055 2435 όγριιν
1076 2344 1111 2414 αἱ
1130 2350 1194 2414 τῶν
1217 2345 1295 2411 διό-

273 2541 299 2593 6.
318 2540 464 2609 tratione?

203 2737 341 2798 tanetum,
372 2734 419 2805 qui
446 2734 566 2790 divinam
588 2735 759 2806 'beatamque
783 2736 934 2789 trinitatem
959 2732 1077 2787 obeolrit
1109 2740 1138 2785 et
1163 2735 1296 2804 complet.

204 2822 285 2873 quam
306 2807 467 2858 coutentium
484 2808 507 2860 ai
528 2803 654 2879 amplecti
671 2807 955 2871 voluerimaiorern
973 2822 1007 2857 ex
1021 2823 1053 2856 ea
1070 2804 1184 2856 fructum
1202 2807 1296 2874 perci-

203 2876 273 2995 ρὶει.
291 2892 354 2926 πειτα
371 2877 510 2930 serebatur
528 2878 558 2929 in
577 2879 616 2930 eie
634 2878 744 2947 spiritua
760 2878 819 2943 hic,
839 2879 879 2930 uti
897 2878 978 2945 Syrna
995 2875 1124 2947 quidam,
1143 2874 1295 2929 admirabi-

218 2946 240 2995 is
256 2944 396 2998 doctrinae
422 2948 482 3011 vir,
511 2947 602 3000 dicere
619 2948 739 3012 uolebat,
760 2949 813 3001 hoc
831 2957 873 3001 eet
889 2946 999 3000 fovebat
1016 2964 1048 2998 ac
1068 2945 1218 2998 fetificaudi
1238 2947 1295 2999 vim

205 3014 370 3084 largiebatur
387 3033 518 3087 aquarum
535 3027 664 3084 naturae,
682 3021 768 3072 inetur
786 3019 903 3088 gallinae
921 3017 1059 3071 caaiuadam
1078 3018 1135 3068 ovio
1155 3015 1294 3069 incuban-

205 3086 241 3136 tie
271 3102 302 3138 ac
322 3086 388 3139 iotis
417 3087 453 3138 ab
480 3106 509 3140 το
528 3090 582 3141 rim
607 3089 742 3161 quandam
766 3091 877 3144 vitalem
903 3089 1033 3142 ludentis.
1056 3104 1111 3158 quo
1128 3089 1188 3156 ipro
1209 3089 1292 3140 etiam

98 3203 104 3220 ,
202 3172 265 3225 perr
287 3157 346 3208 ioue
364 3167 587 3213 commonstratur
604 3161 728 3230 spiritum
759 3170 880 3214 sanctum
897 3176 933 3213 uo
953 3176 969 3211 a
988 3176 1076 3212 rerum
1093 3157 1206 3229 quidem
1225 3175 1295 3211 eon-

203 3173 354 3280 <tralatum
373 3228 503 3282 facultate
522 3229 643 3285 destitui.

273 3299 307 3351 Et
323 3307 428 3368 tantuna
452 3300 564 3371 quidem
590 3301 624 3353 de
647 3302 777 3372 piscihus.
802 3319 875 3356 nunc
900 3318 989 3354 rerum
1015 3298 1083 3351 ordo
1099 3298 1188 3367 poeoit
1205 3303 1239 3350 ut
1257 3296 1293 3350 de

201 3369 357 3423 volucribus
382 3370 464 3423 etiam
490 3389 576 3442 pauca
597 3390 853 3439 commemoremur,
877 3389 947 3444 quae
965 3381 995 3425 et
1010 3371 1085 3440 iprae
1104 3386 1182 3421 auum
1200 3377 1293 3422 ortum

204 3457 237 3491 ex
254 3442 331 3511 aquia
348 3439 510 3495 habuerunt.
527 3442 701 3513 quamohrem
718 3453 747 3498 et
766 3445 923 3515 cognatione
943 3441 1058 3513 quadam
1074 3440 1228 3493 natatilium
1249 3448 1297 3492 te-

202 3521 308 3563 nentur.
334 3513 438 3584 quippe
465 3513 692 3636 guemadmodurn
715 3516 802 3587 piacee
828 3517 858 3568 in
883 3514 960 3584 aquia
986 3512 1115 3581 degentea
1139 3527 1293 3580 pennarum

203 3583 352 3651 agitatione
370 3601 466 3655 progre
488 3585 592 3650 untur,
612 3593 640 3638 et
657 3585 769 3639 diverrir
796 3584 897 3638 caudae
915 3584 1032 3636 motibue
1052 3591 1109 3635 tum
1129 3580 1293 3633 inflexionee

202 3659 260 3706 tuna
279 3653 396 3707 director
428 3673 520 3709 corruo
539 3655 726 3722 moderantur,
744 3658 782 3709 ric
794 3666 823 3711 et
839 3657 962 3708 volueret
980 3654 1073 3707 videre
1091 3659 1134 3704 ert
1153 3651 1293 3703 consimili

203 3722 320 3794 quodam
338 3725 419 3778 modo
436 3728 490 3779 anit
508 3726 559 3780 alie
577 3735 639 3782 aera
657 3729 806 3799 pervolare.
823 3735 852 3780 et
868 3725 986 3796 gaudent
998 3723 1207 3796 aquiorolucrer
1229 3740 1296 3791 pro-

201 3803 297 3866 pterea
317 3795 392 3863 quod
412 3812 445 3849 ex
460 3795 542 3868 'aquia
559 3807 636 3852 ortae
652 3801 715 3852 aiut
735 3799 788 3852 hoc
804 3799 863 3851 tolo
881 3796 1011 3849 differunt
1029 3812 1043 3846 a
1062 3792 1199 3864 piscibus,
1216 3793 1296 3862 quod

202 3865 280 3919 nialla
298 3865 412 3933 pedibus
440 3877 547 3932 careat,
571 3869 681 3940 quando
705 3869 739 3922 de
767 3878 839 3922 terra
864 3868 964 3919 rictum
982 3875 1076 3937 petere
1095 3872 1244 3933 coguntur,
1266 3873 1297 3916 et

203 3951 296 3989 omnes
313 3938 465 3989 necessario
484 3938 583 4008 pedum
604 3940 776 3993 adminiculir
796 3937 928 4006 indigent
946 3954 1008 3989 nam
1030 3935 1171 4006 rapacibus
1192 3933 1228 3985 ad
1247 3950 1294 3987 ca.

203 4005 329 4082 piendam
350 4004 476 4076 praedam
495 4025 597 4078 ungara
614 4009 809 4064 accommodati
826 4016 908 4074 aunt,
925 4009 1039 4062 caeterir
1055 4006 1089 4059 ad
1106 4004 1297 4059 rosmundam
